[gd_scene load_steps=15 format=2]

[ext_resource path="res://graphics/characters/Boulvai/Boulvai_corps.png" type="Texture" id=1]
[ext_resource path="res://graphics/characters/Boulvai/Boulvai_right_arm.png" type="Texture" id=2]
[ext_resource path="res://graphics/characters/Boulvai/Boulvai_tête.png" type="Texture" id=3]
[ext_resource path="res://graphics/characters/Boulvai/Boulvai_left arm.png" type="Texture" id=4]
[ext_resource path="res://graphics/characters/Boulvai/Boulvai_jambe.png" type="Texture" id=5]
[ext_resource path="res://Entities/Persos/Camera2D.gd" type="Script" id=6]
[ext_resource path="res://Entities/Persos/Boulvai.gd" type="Script" id=7]
[ext_resource path="res://graphics/characters/Boulvai/Boulvai_tête_normal2_n.png" type="Texture" id=8]

[sub_resource type="Animation" id=1]
resource_name = "Jump"
length = 2.0
loop = true
tracks/0/type = "bezier"
tracks/0/path = NodePath("Node2D/Skeleton2D/Bassin/Torse/Bras_Avant/AvantBras_Avant:position:x")
tracks/0/interp = 1
tracks/0/loop_wrap = true
tracks/0/imported = false
tracks/0/enabled = true
tracks/0/keys = {
"points": PoolRealArray( 1.68176, -0.25, 0, 0.25, 0, 1.68176, -0.25, 0, 0.25, 0, 1.68176, -0.25, 0, 0.25, 0, 1.68176, -0.25, 0, 0.25, 0 ),
"times": PoolRealArray( 0, 0.4, 1.5, 2 )
}
tracks/1/type = "bezier"
tracks/1/path = NodePath("Node2D/Skeleton2D/Bassin/Torse/Bras_Avant/AvantBras_Avant:position:y")
tracks/1/interp = 1
tracks/1/loop_wrap = true
tracks/1/imported = false
tracks/1/enabled = true
tracks/1/keys = {
"points": PoolRealArray( 147.998, -0.25, 0, 0.25, 0, 147.998, -0.25, 0, 0.25, 0, 147.998, -0.25, 0, 0.25, 0, 147.998, -0.25, 0, 0.25, 0 ),
"times": PoolRealArray( 0, 0.4, 1.5, 2 )
}
tracks/2/type = "bezier"
tracks/2/path = NodePath("Node2D/Skeleton2D/Bassin/Torse/Bras_Avant/AvantBras_Avant:rotation_degrees")
tracks/2/interp = 1
tracks/2/loop_wrap = true
tracks/2/imported = false
tracks/2/enabled = true
tracks/2/keys = {
"points": PoolRealArray( 0, -0.25, 0, 0.25, 0, -31.1325, -0.25, 0, 0.25, 0, -82.661, -0.25, 0, 0.25, 0, 0, -0.25, 0, 0.25, 0 ),
"times": PoolRealArray( 0, 0.4, 1.5, 2 )
}
tracks/3/type = "bezier"
tracks/3/path = NodePath("Node2D/Skeleton2D/Bassin/Torse/Bras_Avant:position:x")
tracks/3/interp = 1
tracks/3/loop_wrap = true
tracks/3/imported = false
tracks/3/enabled = true
tracks/3/keys = {
"points": PoolRealArray( -146.316, -0.25, 0, 0.25, 0, -146.316, -0.25, 0, 0.25, 0, -146.316, -0.25, 0, 0.25, 0, -146.316, -0.25, 0, 0.25, 0 ),
"times": PoolRealArray( 0, 0.4, 1.5, 2 )
}
tracks/4/type = "bezier"
tracks/4/path = NodePath("Node2D/Skeleton2D/Bassin/Torse/Bras_Avant:position:y")
tracks/4/interp = 1
tracks/4/loop_wrap = true
tracks/4/imported = false
tracks/4/enabled = true
tracks/4/keys = {
"points": PoolRealArray( -129.498, -0.25, 0, 0.25, 0, -129.498, -0.25, 0, 0.25, 0, -129.498, -0.25, 0, 0.25, 0, -129.498, -0.25, 0, 0.25, 0 ),
"times": PoolRealArray( 0, 0.4, 1.5, 2 )
}
tracks/5/type = "bezier"
tracks/5/path = NodePath("Node2D/Skeleton2D/Bassin/Torse/Bras_Avant:rotation_degrees")
tracks/5/interp = 1
tracks/5/loop_wrap = true
tracks/5/imported = false
tracks/5/enabled = true
tracks/5/keys = {
"points": PoolRealArray( 0, -0.25, 0, 0.25, 0, 23.8178, -0.25, 0, 0.25, 0, 67, -0.25, 0, 0.117647, -1, 0, -0.15528, 2, 0.25, 0 ),
"times": PoolRealArray( 0, 0.4, 1.5, 1.8 )
}
tracks/6/type = "bezier"
tracks/6/path = NodePath("Node2D/Skeleton2D/Bassin/Torse/Cou:position:x")
tracks/6/interp = 1
tracks/6/loop_wrap = true
tracks/6/imported = false
tracks/6/enabled = true
tracks/6/keys = {
"points": PoolRealArray( 22.0391, -0.25, 0, 0.25, 0, 38.9905, -0.25, 0, 0.25, 0, 30.5148, -0.25, 0, 0.25, 0, 22.0391, -0.25, 0, 0.25, 0 ),
"times": PoolRealArray( 0, 0.4, 1.5, 1.8 )
}
tracks/7/type = "bezier"
tracks/7/path = NodePath("Node2D/Skeleton2D/Bassin/Torse/Cou:position:y")
tracks/7/interp = 1
tracks/7/loop_wrap = true
tracks/7/imported = false
tracks/7/enabled = true
tracks/7/keys = {
"points": PoolRealArray( -219.862, -0.25, 0, 0.25, 0, -198.673, -0.25, 0, 0.25, 0, -209.268, -0.25, 0, 0.25, 0, -219.862, -0.25, 0, 0.25, 0 ),
"times": PoolRealArray( 0, 0.4, 1.5, 1.8 )
}
tracks/8/type = "bezier"
tracks/8/path = NodePath("Node2D/Skeleton2D/Bassin/Torse/Cou:rotation_degrees")
tracks/8/interp = 1
tracks/8/loop_wrap = true
tracks/8/imported = false
tracks/8/enabled = true
tracks/8/keys = {
"points": PoolRealArray( 0, -0.25, 0, 0.25, 0, -30.2924, -0.25, 0, 0.25, 0, 0, -0.25, 0, 0.25, 0 ),
"times": PoolRealArray( 0, 1.5, 1.8 )
}
tracks/9/type = "bezier"
tracks/9/path = NodePath("Node2D/Skeleton2D/Bassin/Torse/Cou/Barbe:position:x")
tracks/9/interp = 1
tracks/9/loop_wrap = true
tracks/9/imported = false
tracks/9/enabled = true
tracks/9/keys = {
"points": PoolRealArray( 55.6886, -0.25, 0, 0.25, 0, 76.8778, -0.25, 0, 0.25, 0, 66.2832, -0.25, 0, 0.25, 0, 55.6886, -0.25, 0, 0.25, 0 ),
"times": PoolRealArray( 0, 0.4, 1.5, 1.8 )
}
tracks/10/type = "bezier"
tracks/10/path = NodePath("Node2D/Skeleton2D/Bassin/Torse/Cou/Barbe:position:y")
tracks/10/interp = 1
tracks/10/loop_wrap = true
tracks/10/imported = false
tracks/10/enabled = true
tracks/10/keys = {
"points": PoolRealArray( -1.88776, -0.25, 0, 0.25, 0, -4.00669, -0.25, 0, 0.25, 0, -2.94723, -0.25, 0, 0.25, 0, -1.88776, -0.25, 0, 0.25, 0 ),
"times": PoolRealArray( 0, 0.4, 1.5, 1.8 )
}
tracks/11/type = "bezier"
tracks/11/path = NodePath("Node2D/Skeleton2D/Bassin/Torse/Cou/Barbe:rotation_degrees")
tracks/11/interp = 1
tracks/11/loop_wrap = true
tracks/11/imported = false
tracks/11/enabled = true
tracks/11/keys = {
"points": PoolRealArray( 60, -0.25, 0, 0.25, 0, 75.8442, -0.25, 0, 0.25, 0, 60, -0.25, 0, 0.25, 0 ),
"times": PoolRealArray( 0, 1.5, 1.8 )
}
tracks/12/type = "bezier"
tracks/12/path = NodePath("Node2D/Skeleton2D/Bassin/Torse:position:x")
tracks/12/interp = 1
tracks/12/loop_wrap = true
tracks/12/imported = false
tracks/12/enabled = true
tracks/12/keys = {
"points": PoolRealArray( -17.9797, -0.25, 0, 0.25, 0, -5.2662, -0.25, 0, 0.25, 0, -11.623, -0.25, 0, 0.25, 0, -17.9797, -0.25, 0, 0.25, 0 ),
"times": PoolRealArray( 0, 0.4, 1.5, 1.8 )
}
tracks/13/type = "bezier"
tracks/13/path = NodePath("Node2D/Skeleton2D/Bassin/Torse:position:y")
tracks/13/interp = 1
tracks/13/loop_wrap = true
tracks/13/imported = false
tracks/13/enabled = true
tracks/13/keys = {
"points": PoolRealArray( -133.349, -0.25, 0, 0.25, 0, -122.754, -0.25, 0, 0.25, 0, -128.051, -0.25, 0, 0.25, 0, -133.349, -0.25, 0, 0.25, 0 ),
"times": PoolRealArray( 0, 0.4, 1.5, 2 )
}
tracks/14/type = "bezier"
tracks/14/path = NodePath("Node2D/Skeleton2D/Bassin/Torse:rotation_degrees")
tracks/14/interp = 1
tracks/14/loop_wrap = true
tracks/14/imported = false
tracks/14/enabled = true
tracks/14/keys = {
"points": PoolRealArray( 0, -0.25, 0, 0.25, 0, 10.0041, -0.25, 0, 0.25, 0, -23.2412, -0.25, 0, 0.25, 0, 0, -0.25, 0, 0.25, 0 ),
"times": PoolRealArray( 0, 0.4, 1.5, 2 )
}
tracks/15/type = "bezier"
tracks/15/path = NodePath("Node2D/Skeleton2D/Bassin:position:x")
tracks/15/interp = 1
tracks/15/loop_wrap = true
tracks/15/imported = false
tracks/15/enabled = true
tracks/15/keys = {
"points": PoolRealArray( 183.614, -0.25, 0, 0.25, 0, 147.592, -0.25, 0, 0.25, 0, 182.109, -0.25, 0, 0.25, 0, 183.614, -0.25, 0, 0.25, 0 ),
"times": PoolRealArray( 0, 0.4, 1.5, 2 )
}
tracks/16/type = "bezier"
tracks/16/path = NodePath("Node2D/Skeleton2D/Bassin:position:y")
tracks/16/interp = 1
tracks/16/loop_wrap = true
tracks/16/imported = false
tracks/16/enabled = true
tracks/16/keys = {
"points": PoolRealArray( 370.332, -0.25, 0, 0.25, 0, 450.851, -0.25, 0, 0.25, 0, -1.81482, -0.25, 0, 0.25, 0, 370.332, -0.25, 0, 0.25, 0 ),
"times": PoolRealArray( 0, 0.4, 1.5, 2 )
}
tracks/17/type = "bezier"
tracks/17/path = NodePath("Node2D/Skeleton2D/Bassin:rotation_degrees")
tracks/17/interp = 1
tracks/17/loop_wrap = true
tracks/17/imported = false
tracks/17/enabled = true
tracks/17/keys = {
"points": PoolRealArray( 4.20467, -0.25, 0, 0.25, 0, 8.06776, -0.25, 0, 0.25, 0, 6.13621, -0.25, 0, 0.25, 0, 4.20467, -0.25, 0, 0.25, 0 ),
"times": PoolRealArray( 0, 0.4, 1.5, 2 )
}
tracks/18/type = "bezier"
tracks/18/path = NodePath("Node2D/Skeleton2D/Bassin/Cuisse_Avant/Tibia_Avant:position:x")
tracks/18/interp = 1
tracks/18/loop_wrap = true
tracks/18/imported = false
tracks/18/enabled = true
tracks/18/keys = {
"points": PoolRealArray( 50.7968, -0.25, 0, 0.25, 0, 50.7968, -0.25, 0, 0.25, 0, 50.7968, -0.25, 0, 0.25, 0, 50.7968, -0.25, 0, 0.25, 0 ),
"times": PoolRealArray( 0, 0.4, 1.5, 2 )
}
tracks/19/type = "bezier"
tracks/19/path = NodePath("Node2D/Skeleton2D/Bassin/Cuisse_Avant/Tibia_Avant:position:y")
tracks/19/interp = 1
tracks/19/loop_wrap = true
tracks/19/imported = false
tracks/19/enabled = true
tracks/19/keys = {
"points": PoolRealArray( 244.46, -0.25, 0, 0.25, 0, 244.46, -0.25, 0, 0.25, 0, 244.46, -0.25, 0, 0.25, 0, 244.46, -0.25, 0, 0.25, 0 ),
"times": PoolRealArray( 0, 0.4, 1.5, 2 )
}
tracks/20/type = "bezier"
tracks/20/path = NodePath("Node2D/Skeleton2D/Bassin/Cuisse_Avant/Tibia_Avant:rotation_degrees")
tracks/20/interp = 1
tracks/20/loop_wrap = true
tracks/20/imported = false
tracks/20/enabled = true
tracks/20/keys = {
"points": PoolRealArray( 0, -0.25, 0, 0.25, 0, 61.2571, -0.25, 0, 0.25, 0, 10.4872, -0.25, 0, 0.25, 0, 0, -0.25, 0, 0.25, 0 ),
"times": PoolRealArray( 0, 0.4, 1.5, 2 )
}
tracks/21/type = "bezier"
tracks/21/path = NodePath("Node2D/Skeleton2D/Bassin/Cuisse_Avant:position:x")
tracks/21/interp = 1
tracks/21/loop_wrap = true
tracks/21/imported = false
tracks/21/enabled = true
tracks/21/keys = {
"points": PoolRealArray( -79.3712, -0.25, 0, 0.25, 0, -79.3712, -0.25, 0, 0.25, 0, -79.3712, -0.25, 0, 0.25, 0, -79.3712, -0.25, 0, 0.25, 0 ),
"times": PoolRealArray( 0, 0.4, 1.5, 2 )
}
tracks/22/type = "bezier"
tracks/22/path = NodePath("Node2D/Skeleton2D/Bassin/Cuisse_Avant:position:y")
tracks/22/interp = 1
tracks/22/loop_wrap = true
tracks/22/imported = false
tracks/22/enabled = true
tracks/22/keys = {
"points": PoolRealArray( 21.1947, -0.25, 0, 0.25, 0, 25.4325, -0.25, 0, 0.25, 0, 23.3136, -0.25, 0, 0.25, 0, 21.1947, -0.25, 0, 0.25, 0 ),
"times": PoolRealArray( 0, 0.4, 1.5, 2 )
}
tracks/23/type = "bezier"
tracks/23/path = NodePath("Node2D/Skeleton2D/Bassin/Cuisse_Avant:rotation_degrees")
tracks/23/interp = 1
tracks/23/loop_wrap = true
tracks/23/imported = false
tracks/23/enabled = true
tracks/23/keys = {
"points": PoolRealArray( 0, -0.25, 0, 0.25, 0, -33.6127, -0.25, 0, 0.25, 0, 0.995136, -0.25, 0, 0.25, 0, 0, -0.25, 0, 0.25, 0 ),
"times": PoolRealArray( 0, 0.4, 1.5, 2 )
}
tracks/24/type = "bezier"
tracks/24/path = NodePath("Node2D/Skeleton2D/Bassin/Cuisse_Avant/Tibia_Avant/Pied_Avant:position:x")
tracks/24/interp = 1
tracks/24/loop_wrap = true
tracks/24/imported = false
tracks/24/enabled = true
tracks/24/keys = {
"points": PoolRealArray( -1.5874, -0.25, 0, 0.25, 0, -1.5874, -0.25, 0, 0.25, 0, -1.5874, -0.25, 0, 0.25, 0 ),
"times": PoolRealArray( 0, 1.5, 2 )
}
tracks/25/type = "bezier"
tracks/25/path = NodePath("Node2D/Skeleton2D/Bassin/Cuisse_Avant/Tibia_Avant/Pied_Avant:position:y")
tracks/25/interp = 1
tracks/25/loop_wrap = true
tracks/25/imported = false
tracks/25/enabled = true
tracks/25/keys = {
"points": PoolRealArray( 215.887, -0.25, 0, 0.25, 0, 215.887, -0.25, 0, 0.25, 0, 215.887, -0.25, 0, 0.25, 0 ),
"times": PoolRealArray( 0, 1.5, 2 )
}
tracks/26/type = "bezier"
tracks/26/path = NodePath("Node2D/Skeleton2D/Bassin/Cuisse_Avant/Tibia_Avant/Pied_Avant:rotation_degrees")
tracks/26/interp = 1
tracks/26/loop_wrap = true
tracks/26/imported = false
tracks/26/enabled = true
tracks/26/keys = {
"points": PoolRealArray( 0, -0.25, 0, 0.25, 0, -23.338, -0.25, 0, 0.25, 0, 16.0696, -0.25, 0, 0.25, 0, 0, -0.25, 0, 0.25, 0 ),
"times": PoolRealArray( 0, 0.4, 1.5, 2 )
}
tracks/27/type = "bezier"
tracks/27/path = NodePath("Node2D/Skeleton2D/Bassin/Cuisse_Avant/Tibia_Avant/Pied_Avant/Orteilles_Avant:position:x")
tracks/27/interp = 1
tracks/27/loop_wrap = true
tracks/27/imported = false
tracks/27/enabled = true
tracks/27/keys = {
"points": PoolRealArray( 89.0956, -0.25, 0, 0.25, 0, 89.0956, -0.25, 0, 0.25, 0, 89.0956, -0.25, 0, 0.25, 0 ),
"times": PoolRealArray( 0, 1.5, 2 )
}
tracks/28/type = "bezier"
tracks/28/path = NodePath("Node2D/Skeleton2D/Bassin/Cuisse_Avant/Tibia_Avant/Pied_Avant/Orteilles_Avant:position:y")
tracks/28/interp = 1
tracks/28/loop_wrap = true
tracks/28/imported = false
tracks/28/enabled = true
tracks/28/keys = {
"points": PoolRealArray( 53.7402, -0.25, 0, 0.25, 0, 53.7402, -0.25, 0, 0.25, 0, 53.7402, -0.25, 0, 0.25, 0 ),
"times": PoolRealArray( 0, 1.5, 2 )
}
tracks/29/type = "bezier"
tracks/29/path = NodePath("Node2D/Skeleton2D/Bassin/Cuisse_Avant/Tibia_Avant/Pied_Avant/Orteilles_Avant:rotation_degrees")
tracks/29/interp = 1
tracks/29/loop_wrap = true
tracks/29/imported = false
tracks/29/enabled = true
tracks/29/keys = {
"points": PoolRealArray( 0, -0.25, 0, 0.25, 0, 0, -0.25, 0, 0.25, 0, 0, -0.25, 0, 0.25, 0 ),
"times": PoolRealArray( 0, 1.5, 2 )
}
tracks/30/type = "bezier"
tracks/30/path = NodePath("Node2D/Skeleton2D/Bassin/Cuisse_Arriere:position:x")
tracks/30/interp = 1
tracks/30/loop_wrap = true
tracks/30/imported = false
tracks/30/enabled = true
tracks/30/keys = {
"points": PoolRealArray( 53.9716, -0.25, 0, 0.25, 0, 53.9716, -0.25, 0, 0.25, 0, 53.9716, -0.25, 0, 0.25, 0, 53.9716, -0.25, 0, 0.25, 0 ),
"times": PoolRealArray( 0, 0.4, 1.5, 2 )
}
tracks/31/type = "bezier"
tracks/31/path = NodePath("Node2D/Skeleton2D/Bassin/Cuisse_Arriere:position:y")
tracks/31/interp = 1
tracks/31/loop_wrap = true
tracks/31/imported = false
tracks/31/enabled = true
tracks/31/keys = {
"points": PoolRealArray( 6.34961, -0.25, 0, 0.25, 0, 6.34961, -0.25, 0, 0.25, 0, 6.34961, -0.25, 0, 0.25, 0, 6.34961, -0.25, 0, 0.25, 0 ),
"times": PoolRealArray( 0, 0.4, 1.5, 2 )
}
tracks/32/type = "bezier"
tracks/32/path = NodePath("Node2D/Skeleton2D/Bassin/Cuisse_Arriere:rotation_degrees")
tracks/32/interp = 1
tracks/32/loop_wrap = true
tracks/32/imported = false
tracks/32/enabled = true
tracks/32/keys = {
"points": PoolRealArray( 0, -0.25, 0, 0.25, 0, -51.3661, -0.25, 0, 0.25, 0, -66.3328, -0.25, 0, 0.25, 0, 0, -0.25, 0, 0.25, 0 ),
"times": PoolRealArray( 0, 0.4, 1.5, 2 )
}
tracks/33/type = "bezier"
tracks/33/path = NodePath("Node2D/Skeleton2D/Bassin/Cuisse_Arriere/Tibia_Arriere:position:x")
tracks/33/interp = 1
tracks/33/loop_wrap = true
tracks/33/imported = false
tracks/33/enabled = true
tracks/33/keys = {
"points": PoolRealArray( 41.2725, -0.25, 0, 0.25, 0, 41.2725, -0.25, 0, 0.25, 0, 41.2725, -0.25, 0, 0.25, 0, 41.2725, -0.25, 0, 0.25, 0 ),
"times": PoolRealArray( 0, 0.4, 1.5, 2 )
}
tracks/34/type = "bezier"
tracks/34/path = NodePath("Node2D/Skeleton2D/Bassin/Cuisse_Arriere/Tibia_Arriere:position:y")
tracks/34/interp = 1
tracks/34/loop_wrap = true
tracks/34/imported = false
tracks/34/enabled = true
tracks/34/keys = {
"points": PoolRealArray( 244.46, -0.25, 0, 0.25, 0, 244.46, -0.25, 0, 0.25, 0, 244.46, -0.25, 0, 0.25, 0, 244.46, -0.25, 0, 0.25, 0 ),
"times": PoolRealArray( 0, 0.4, 1.5, 2 )
}
tracks/35/type = "bezier"
tracks/35/path = NodePath("Node2D/Skeleton2D/Bassin/Cuisse_Arriere/Tibia_Arriere:rotation_degrees")
tracks/35/interp = 1
tracks/35/loop_wrap = true
tracks/35/imported = false
tracks/35/enabled = true
tracks/35/keys = {
"points": PoolRealArray( 0, -0.25, 0, 0.25, 0, 70.8255, -0.25, 0, 0.25, 0, 76.8155, -0.25, 0, 0.25, 0, 0, -0.25, 0, 0.25, 0 ),
"times": PoolRealArray( 0, 0.4, 1.5, 2 )
}
tracks/36/type = "bezier"
tracks/36/path = NodePath("Node2D/Skeleton2D/Bassin/Cuisse_Arriere/Tibia_Arriere/Pied_Arriere:position:x")
tracks/36/interp = 1
tracks/36/loop_wrap = true
tracks/36/imported = false
tracks/36/enabled = true
tracks/36/keys = {
"points": PoolRealArray( 0, -0.25, 0, 0.25, 0, 0, -0.25, 0, 0.25, 0, 0, -0.25, 0, 0.25, 0, 0, -0.25, 0, 0.25, 0 ),
"times": PoolRealArray( 0, 0.4, 1.5, 2 )
}
tracks/37/type = "bezier"
tracks/37/path = NodePath("Node2D/Skeleton2D/Bassin/Cuisse_Arriere/Tibia_Arriere/Pied_Arriere:position:y")
tracks/37/interp = 1
tracks/37/loop_wrap = true
tracks/37/imported = false
tracks/37/enabled = true
tracks/37/keys = {
"points": PoolRealArray( 214.299, -0.25, 0, 0.25, 0, 214.299, -0.25, 0, 0.25, 0, 214.299, -0.25, 0, 0.25, 0, 214.299, -0.25, 0, 0.25, 0 ),
"times": PoolRealArray( 0, 0.4, 1.5, 2 )
}
tracks/38/type = "bezier"
tracks/38/path = NodePath("Node2D/Skeleton2D/Bassin/Cuisse_Arriere/Tibia_Arriere/Pied_Arriere:rotation_degrees")
tracks/38/interp = 1
tracks/38/loop_wrap = true
tracks/38/imported = false
tracks/38/enabled = true
tracks/38/keys = {
"points": PoolRealArray( 0, -0.25, 0, 0.25, 0, -16.2831, -0.25, 0, 0.25, 0, 8.24369, -0.25, 0, 0.25, 0, 0, -0.25, 0, 0.25, 0 ),
"times": PoolRealArray( 0, 0.4, 1.5, 2 )
}
tracks/39/type = "bezier"
tracks/39/path = NodePath("Node2D/Skeleton2D/Bassin/Cuisse_Arriere/Tibia_Arriere/Pied_Arriere/Orteilles_Arriere:position:x")
tracks/39/interp = 1
tracks/39/loop_wrap = true
tracks/39/imported = false
tracks/39/enabled = true
tracks/39/keys = {
"points": PoolRealArray( 98.9949, -0.25, 0, 0.25, 0, 98.9949, -0.25, 0, 0.25, 0, 98.9949, -0.25, 0, 0.25, 0 ),
"times": PoolRealArray( 0, 1.5, 2 )
}
tracks/40/type = "bezier"
tracks/40/path = NodePath("Node2D/Skeleton2D/Bassin/Cuisse_Arriere/Tibia_Arriere/Pied_Arriere/Orteilles_Arriere:position:y")
tracks/40/interp = 1
tracks/40/loop_wrap = true
tracks/40/imported = false
tracks/40/enabled = true
tracks/40/keys = {
"points": PoolRealArray( 62.2254, -0.25, 0, 0.25, 0, 62.2254, -0.25, 0, 0.25, 0, 62.2254, -0.25, 0, 0.25, 0 ),
"times": PoolRealArray( 0, 1.5, 2 )
}
tracks/41/type = "bezier"
tracks/41/path = NodePath("Node2D/Skeleton2D/Bassin/Cuisse_Arriere/Tibia_Arriere/Pied_Arriere/Orteilles_Arriere:rotation_degrees")
tracks/41/interp = 1
tracks/41/loop_wrap = true
tracks/41/imported = false
tracks/41/enabled = true
tracks/41/keys = {
"points": PoolRealArray( 0, -0.25, 0, 0.25, 0, 0, -0.25, 0, 0.25, 0, 0, -0.25, 0, 0.25, 0 ),
"times": PoolRealArray( 0, 1.5, 2 )
}
tracks/42/type = "bezier"
tracks/42/path = NodePath("Node2D/Skeleton2D/Bassin/Pagne:position:x")
tracks/42/interp = 1
tracks/42/loop_wrap = true
tracks/42/imported = false
tracks/42/enabled = true
tracks/42/keys = {
"points": PoolRealArray( 0, -0.25, 0, 0.25, 0, 25.4272, -0.25, 0, 0.25, 0, 12.7136, -0.25, 0, 0.25, 0, 0, -0.25, 0, 0.25, 0 ),
"times": PoolRealArray( 0, 0.4, 1.5, 2 )
}
tracks/43/type = "bezier"
tracks/43/path = NodePath("Node2D/Skeleton2D/Bassin/Pagne:position:y")
tracks/43/interp = 1
tracks/43/loop_wrap = true
tracks/43/imported = false
tracks/43/enabled = true
tracks/43/keys = {
"points": PoolRealArray( 0, -0.25, 0, 0.25, 0, 0, -0.25, 0, 0.25, 0, 0, -0.25, 0, 0.25, 0, 0, -0.25, 0, 0.25, 0 ),
"times": PoolRealArray( 0, 0.4, 1.5, 2 )
}
tracks/44/type = "bezier"
tracks/44/path = NodePath("Node2D/Skeleton2D/Bassin/Pagne:rotation_degrees")
tracks/44/interp = 1
tracks/44/loop_wrap = true
tracks/44/imported = false
tracks/44/enabled = true
tracks/44/keys = {
"points": PoolRealArray( 87.3, -0.25, 0, 0.25, 0, 96.0446, -0.25, 0, 0.25, 0, 87.3, -0.25, 0, 0.25, 0 ),
"times": PoolRealArray( 0, 1.5, 2 )
}
tracks/45/type = "bezier"
tracks/45/path = NodePath("Node2D/Skeleton2D/Bassin/Torse/Bras_Avant/AvantBras_Avant/Main_Avant:position:x")
tracks/45/interp = 1
tracks/45/loop_wrap = true
tracks/45/imported = false
tracks/45/enabled = true
tracks/45/keys = {
"points": PoolRealArray( 25.2269, -0.25, 0, 0.25, 0, 25.2269, -0.25, 0, 0.25, 0, 25.2269, -0.25, 0, 0.25, 0 ),
"times": PoolRealArray( 0, 1.5, 2 )
}
tracks/46/type = "bezier"
tracks/46/path = NodePath("Node2D/Skeleton2D/Bassin/Torse/Bras_Avant/AvantBras_Avant/Main_Avant:position:y")
tracks/46/interp = 1
tracks/46/loop_wrap = true
tracks/46/imported = false
tracks/46/enabled = true
tracks/46/keys = {
"points": PoolRealArray( 169.861, -0.25, 0, 0.25, 0, 169.861, -0.25, 0, 0.25, 0, 169.861, -0.25, 0, 0.25, 0 ),
"times": PoolRealArray( 0, 1.5, 2 )
}
tracks/47/type = "bezier"
tracks/47/path = NodePath("Node2D/Skeleton2D/Bassin/Torse/Bras_Avant/AvantBras_Avant/Main_Avant:rotation_degrees")
tracks/47/interp = 1
tracks/47/loop_wrap = true
tracks/47/imported = false
tracks/47/enabled = true
tracks/47/keys = {
"points": PoolRealArray( 94.5, -0.25, 0, 0.25, 0, 70.4985, -0.25, 0, 0.25, 0, 82.4993, -0.25, 0, 0.25, 0, 94.5, -0.25, 0, 0.25, 0 ),
"times": PoolRealArray( 0, 0.4, 1.5, 2 )
}
tracks/48/type = "bezier"
tracks/48/path = NodePath("Node2D/Skeleton2D/Bassin/Torse/Bras_Arriere:position:x")
tracks/48/interp = 1
tracks/48/loop_wrap = true
tracks/48/imported = false
tracks/48/enabled = true
tracks/48/keys = {
"points": PoolRealArray( 124.453, -0.25, 0, 0.25, 0, 124.453, -0.25, 0, 0.25, 0, 124.453, -0.25, 0, 0.25, 0, 124.453, -0.25, 0, 0.25, 0 ),
"times": PoolRealArray( 0, 0.4, 1.5, 2 )
}
tracks/49/type = "bezier"
tracks/49/path = NodePath("Node2D/Skeleton2D/Bassin/Torse/Bras_Arriere:rotation_degrees")
tracks/49/interp = 1
tracks/49/loop_wrap = true
tracks/49/imported = false
tracks/49/enabled = true
tracks/49/keys = {
"points": PoolRealArray( 0, -0.25, 0, 0.25, 0, 15.1436, -0.25, 0, 0.25, 0, -143.975, -0.25, 0, 0.25, 0, 0, -0.25, 0, 0.25, 0 ),
"times": PoolRealArray( 0, 0.4, 1.5, 2 )
}
tracks/50/type = "bezier"
tracks/50/path = NodePath("Node2D/Skeleton2D/Bassin/Torse/Bras_Arriere:position:y")
tracks/50/interp = 1
tracks/50/loop_wrap = true
tracks/50/imported = false
tracks/50/enabled = true
tracks/50/keys = {
"points": PoolRealArray( -147.998, -0.25, 0, 0.25, 0, -147.998, -0.25, 0, 0.25, 0, -147.998, -0.25, 0, 0.25, 0, -147.998, -0.25, 0, 0.25, 0 ),
"times": PoolRealArray( 0, 0.4, 1.5, 2 )
}
tracks/51/type = "bezier"
tracks/51/path = NodePath("Node2D/Skeleton2D/Bassin/Torse/Bras_Arriere/AvantBras_Arriere:position:x")
tracks/51/interp = 1
tracks/51/loop_wrap = true
tracks/51/imported = false
tracks/51/enabled = true
tracks/51/keys = {
"points": PoolRealArray( -15.1361, -0.25, 0, 0.25, 0, -15.1361, -0.25, 0, 0.25, 0, -15.1361, -0.25, 0, 0.25, 0, -15.1361, -0.25, 0, 0.25, 0 ),
"times": PoolRealArray( 0, 0.4, 1.5, 2 )
}
tracks/52/type = "bezier"
tracks/52/path = NodePath("Node2D/Skeleton2D/Bassin/Torse/Bras_Arriere/AvantBras_Arriere:position:y")
tracks/52/interp = 1
tracks/52/loop_wrap = true
tracks/52/imported = false
tracks/52/enabled = true
tracks/52/keys = {
"points": PoolRealArray( 153.043, -0.25, 0, 0.25, 0, 153.043, -0.25, 0, 0.25, 0, 153.043, -0.25, 0, 0.25, 0, 153.043, -0.25, 0, 0.25, 0 ),
"times": PoolRealArray( 0, 0.4, 1.5, 2 )
}
tracks/53/type = "bezier"
tracks/53/path = NodePath("Node2D/Skeleton2D/Bassin/Torse/Bras_Arriere/AvantBras_Arriere:rotation_degrees")
tracks/53/interp = 1
tracks/53/loop_wrap = true
tracks/53/imported = false
tracks/53/enabled = true
tracks/53/keys = {
"points": PoolRealArray( 0, -0.25, 0, 0.25, 0, -20.2694, -0.25, 0, 0.25, 0, -10.1347, -0.25, 0, 0.25, 0, 0, -0.25, 0, 0.25, 0 ),
"times": PoolRealArray( 0, 0.4, 1.5, 2 )
}
tracks/54/type = "bezier"
tracks/54/path = NodePath("Node2D/Skeleton2D/Bassin/Torse/Bras_Arriere/AvantBras_Arriere/Main_Arriere:position:x")
tracks/54/interp = 1
tracks/54/loop_wrap = true
tracks/54/imported = false
tracks/54/enabled = true
tracks/54/keys = {
"points": PoolRealArray( 5.04541, -0.25, 0, 0.25, 0, 5.04541, -0.25, 0, 0.25, 0, 5.04541, -0.25, 0, 0.25, 0 ),
"times": PoolRealArray( 0, 1.5, 2 )
}
tracks/55/type = "bezier"
tracks/55/path = NodePath("Node2D/Skeleton2D/Bassin/Torse/Bras_Arriere/AvantBras_Arriere/Main_Arriere:position:y")
tracks/55/interp = 1
tracks/55/loop_wrap = true
tracks/55/imported = false
tracks/55/enabled = true
tracks/55/keys = {
"points": PoolRealArray( 158.089, -0.25, 0, 0.25, 0, 158.089, -0.25, 0, 0.25, 0, 158.089, -0.25, 0, 0.25, 0 ),
"times": PoolRealArray( 0, 1.5, 2 )
}
tracks/56/type = "bezier"
tracks/56/path = NodePath("Node2D/Skeleton2D/Bassin/Torse/Bras_Arriere/AvantBras_Arriere/Main_Arriere:rotation_degrees")
tracks/56/interp = 1
tracks/56/loop_wrap = true
tracks/56/imported = false
tracks/56/enabled = true
tracks/56/keys = {
"points": PoolRealArray( 80, -0.25, 0, 0.25, 0, 75.5702, -0.25, 0, 0.25, 0, 77.7851, -0.25, 0, 0.25, 0, 80, -0.25, 0, 0.25, 0 ),
"times": PoolRealArray( 0, 0.4, 1.5, 2 )
}

[sub_resource type="Animation" id=2]
resource_name = "Rest_Pose"
tracks/0/type = "bezier"
tracks/0/path = NodePath("Node2D/Skeleton2D/Bassin/Torse/Cou:rotation_degrees")
tracks/0/interp = 1
tracks/0/loop_wrap = true
tracks/0/imported = false
tracks/0/enabled = true
tracks/0/keys = {
"points": PoolRealArray( 0, -0.25, 0, 0.25, 0 ),
"times": PoolRealArray( 0 )
}
tracks/1/type = "bezier"
tracks/1/path = NodePath("Node2D/Skeleton2D/Bassin/Cuisse_Arriere:rotation_degrees")
tracks/1/interp = 1
tracks/1/loop_wrap = true
tracks/1/imported = false
tracks/1/enabled = true
tracks/1/keys = {
"points": PoolRealArray( 0, -0.25, 0, 0.25, 0 ),
"times": PoolRealArray( 0 )
}
tracks/2/type = "bezier"
tracks/2/path = NodePath("Node2D/Skeleton2D/Bassin/Cuisse_Arriere/Tibia_Arriere:rotation_degrees")
tracks/2/interp = 1
tracks/2/loop_wrap = true
tracks/2/imported = false
tracks/2/enabled = true
tracks/2/keys = {
"points": PoolRealArray( 0, -0.25, 0, 0.25, 0 ),
"times": PoolRealArray( 0 )
}
tracks/3/type = "bezier"
tracks/3/path = NodePath("Node2D/Skeleton2D/Bassin/Cuisse_Arriere/Tibia_Arriere/Pied_Arriere:rotation_degrees")
tracks/3/interp = 1
tracks/3/loop_wrap = true
tracks/3/imported = false
tracks/3/enabled = true
tracks/3/keys = {
"points": PoolRealArray( 0, -0.25, 0, 0.25, 0 ),
"times": PoolRealArray( 0 )
}
tracks/4/type = "bezier"
tracks/4/path = NodePath("Node2D/Skeleton2D/Bassin/Cuisse_Arriere/Tibia_Arriere/Pied_Arriere/Orteilles_Arriere:rotation_degrees")
tracks/4/interp = 1
tracks/4/loop_wrap = true
tracks/4/imported = false
tracks/4/enabled = true
tracks/4/keys = {
"points": PoolRealArray( 0, -0.25, 0, 0.25, 0 ),
"times": PoolRealArray( 0 )
}

[sub_resource type="Animation" id=3]
resource_name = "attack animation"
length = 2.0
loop = true
tracks/0/type = "bezier"
tracks/0/path = NodePath("Node2D/Skeleton2D/Bassin/Cuisse_Arriere/Tibia_Arriere/Pied_Arriere:position:x")
tracks/0/interp = 1
tracks/0/loop_wrap = true
tracks/0/imported = false
tracks/0/enabled = true
tracks/0/keys = {
"points": PoolRealArray( 0, -0.25, 0, 0.25, 0, 0, -0.25, 0, 0.25, 0, 0, -0.25, 0, 0.25, 0 ),
"times": PoolRealArray( 0, 0.2, 2 )
}
tracks/1/type = "bezier"
tracks/1/path = NodePath("Node2D/Skeleton2D/Bassin/Cuisse_Arriere/Tibia_Arriere/Pied_Arriere:position:y")
tracks/1/interp = 1
tracks/1/loop_wrap = true
tracks/1/imported = false
tracks/1/enabled = true
tracks/1/keys = {
"points": PoolRealArray( 214.299, -0.25, 0, 0.25, 0, 214.299, -0.25, 0, 0.25, 0, 214.299, -0.25, 0, 0.25, 0 ),
"times": PoolRealArray( 0, 0.2, 2 )
}
tracks/2/type = "bezier"
tracks/2/path = NodePath("Node2D/Skeleton2D/Bassin/Cuisse_Arriere/Tibia_Arriere/Pied_Arriere:rotation_degrees")
tracks/2/interp = 1
tracks/2/loop_wrap = true
tracks/2/imported = false
tracks/2/enabled = true
tracks/2/keys = {
"points": PoolRealArray( 0, -0.25, 0, 0.25, 0, 0, -0.25, 0, 0.25, 0, -28.5085, -0.25, 0, 0.25, 0 ),
"times": PoolRealArray( 0, 0.2, 2 )
}
tracks/3/type = "bezier"
tracks/3/path = NodePath("Node2D/Skeleton2D/Bassin/Cuisse_Arriere/Tibia_Arriere:position:x")
tracks/3/interp = 1
tracks/3/loop_wrap = true
tracks/3/imported = false
tracks/3/enabled = true
tracks/3/keys = {
"points": PoolRealArray( 41.2725, -0.25, 0, 0.25, 0, 41.2725, -0.25, 0, 0.25, 0, 41.2725, -0.25, 0, 0.25, 0 ),
"times": PoolRealArray( 0, 0.2, 2 )
}
tracks/4/type = "bezier"
tracks/4/path = NodePath("Node2D/Skeleton2D/Bassin/Cuisse_Arriere/Tibia_Arriere:position:y")
tracks/4/interp = 1
tracks/4/loop_wrap = true
tracks/4/imported = false
tracks/4/enabled = true
tracks/4/keys = {
"points": PoolRealArray( 244.46, -0.25, 0, 0.25, 0, 244.46, -0.25, 0, 0.25, 0, 244.46, -0.25, 0, 0.25, 0 ),
"times": PoolRealArray( 0, 0.2, 2 )
}
tracks/5/type = "bezier"
tracks/5/path = NodePath("Node2D/Skeleton2D/Bassin/Cuisse_Arriere/Tibia_Arriere:rotation_degrees")
tracks/5/interp = 1
tracks/5/loop_wrap = true
tracks/5/imported = false
tracks/5/enabled = true
tracks/5/keys = {
"points": PoolRealArray( 0, -0.25, 0, 0.25, 0, 0, -0.25, 0, 0.25, 0, 42.6571, -0.25, 0, 0.25, 0 ),
"times": PoolRealArray( 0, 0.2, 2 )
}
tracks/6/type = "bezier"
tracks/6/path = NodePath("Node2D/Skeleton2D/Bassin/Cuisse_Arriere:position:x")
tracks/6/interp = 1
tracks/6/loop_wrap = true
tracks/6/imported = false
tracks/6/enabled = true
tracks/6/keys = {
"points": PoolRealArray( 53.9716, -0.25, 0, 0.25, 0, 53.9716, -0.25, 0, 0.25, 0, 53.9716, -0.25, 0, 0.25, 0 ),
"times": PoolRealArray( 0, 0.2, 2 )
}
tracks/7/type = "bezier"
tracks/7/path = NodePath("Node2D/Skeleton2D/Bassin/Cuisse_Arriere:position:y")
tracks/7/interp = 1
tracks/7/loop_wrap = true
tracks/7/imported = false
tracks/7/enabled = true
tracks/7/keys = {
"points": PoolRealArray( 6.34961, -0.25, 0, 0.25, 0, 6.34961, -0.25, 0, 0.25, 0, 6.34961, -0.25, 0, 0.25, 0 ),
"times": PoolRealArray( 0, 0.2, 2 )
}
tracks/8/type = "bezier"
tracks/8/path = NodePath("Node2D/Skeleton2D/Bassin/Cuisse_Arriere:rotation_degrees")
tracks/8/interp = 1
tracks/8/loop_wrap = true
tracks/8/imported = false
tracks/8/enabled = true
tracks/8/keys = {
"points": PoolRealArray( 0, -0.25, 0, 0.25, 0, 0, -0.25, 0, 0.25, 0, -3.60832, -0.25, 0, 0.25, 0, -5.92013, -0.25, 0, 0.25, 0 ),
"times": PoolRealArray( 0, 0.2, 1.3, 2 )
}
tracks/9/type = "bezier"
tracks/9/path = NodePath("Node2D/Skeleton2D/Bassin/Torse/Bras_Arriere:position:x")
tracks/9/interp = 1
tracks/9/loop_wrap = true
tracks/9/imported = false
tracks/9/enabled = true
tracks/9/keys = {
"points": PoolRealArray( 124.453, -0.25, 0, 0.25, 0, 124.453, -0.25, 0, 0.25, 0, 141.19, -0.25, 0, 0.25, 0, 141.19, -0.25, 0, 0.25, 0, 141.19, -0.25, 0, 0.25, 0 ),
"times": PoolRealArray( 0, 0.2, 0.4, 0.6, 1 )
}
tracks/10/type = "bezier"
tracks/10/path = NodePath("Node2D/Skeleton2D/Bassin/Torse/Bras_Arriere:position:y")
tracks/10/interp = 1
tracks/10/loop_wrap = true
tracks/10/imported = false
tracks/10/enabled = true
tracks/10/keys = {
"points": PoolRealArray( -147.998, -0.25, 0, 0.25, 0, -147.998, -0.25, 0, 0.25, 0, -216.951, -0.25, 0, 0.25, 0, -216.951, -0.25, 0, 0.25, 0, -216.951, -0.25, 0, 0.25, 0 ),
"times": PoolRealArray( 0, 0.2, 0.4, 0.6, 1 )
}
tracks/11/type = "bezier"
tracks/11/path = NodePath("Node2D/Skeleton2D/Bassin/Torse/Bras_Arriere:rotation_degrees")
tracks/11/interp = 1
tracks/11/loop_wrap = true
tracks/11/imported = false
tracks/11/enabled = true
tracks/11/keys = {
"points": PoolRealArray( -149.276, -0.25, 0, 0.25, 0, -149.276, -0.25, 0, 0.25, 0, -149.276, -0.25, 0, 0.25, 0, -50.6468, -0.25, 0, 0.25, 0, -50.6468, -0.25, 0, 0.25, 0, -30.1072, -0.25, 0, 0.25, 0 ),
"times": PoolRealArray( 0, 0.2, 0.4, 0.6, 1, 2 )
}
tracks/12/type = "bezier"
tracks/12/path = NodePath("Node2D/Skeleton2D/Bassin/Cuisse_Avant:position:x")
tracks/12/interp = 1
tracks/12/loop_wrap = true
tracks/12/imported = false
tracks/12/enabled = true
tracks/12/keys = {
"points": PoolRealArray( -79.3712, -0.25, 0, 0.25, 0, -79.3712, -0.25, 0, 0.25, 0 ),
"times": PoolRealArray( 0, 0.1 )
}
tracks/13/type = "bezier"
tracks/13/path = NodePath("Node2D/Skeleton2D/Bassin/Cuisse_Avant:position:y")
tracks/13/interp = 1
tracks/13/loop_wrap = true
tracks/13/imported = false
tracks/13/enabled = true
tracks/13/keys = {
"points": PoolRealArray( 21.1947, -0.25, 0, 0.25, 0, 21.1947, -0.25, 0, 0.25, 0 ),
"times": PoolRealArray( 0, 0.2 )
}
tracks/14/type = "bezier"
tracks/14/path = NodePath("Node2D/Skeleton2D/Bassin/Cuisse_Avant:rotation_degrees")
tracks/14/interp = 1
tracks/14/loop_wrap = true
tracks/14/imported = false
tracks/14/enabled = true
tracks/14/keys = {
"points": PoolRealArray( 0, -0.25, 0, 0.25, 0, 0, -0.25, 0, 0.25, 0, 14.0233, -0.25, 0, 0.25, 0, 51.0221, -0.25, 0, 0.25, 0 ),
"times": PoolRealArray( 0, 0.2, 1.3, 2 )
}
tracks/15/type = "bezier"
tracks/15/path = NodePath("Node2D/Skeleton2D/Bassin/Torse/Bras_Arriere/AvantBras_Arriere/Main_Arriere:position:x")
tracks/15/interp = 1
tracks/15/loop_wrap = true
tracks/15/imported = false
tracks/15/enabled = true
tracks/15/keys = {
"points": PoolRealArray( 5.04541, -0.25, 0, 0.25, 0, 5.04541, -0.25, 0, 0.25, 0 ),
"times": PoolRealArray( 0, 0.2 )
}
tracks/16/type = "bezier"
tracks/16/path = NodePath("Node2D/Skeleton2D/Bassin/Torse/Bras_Arriere/AvantBras_Arriere/Main_Arriere:position:y")
tracks/16/interp = 1
tracks/16/loop_wrap = true
tracks/16/imported = false
tracks/16/enabled = true
tracks/16/keys = {
"points": PoolRealArray( 158.089, -0.25, 0, 0.25, 0, 158.089, -0.25, 0, 0.25, 0 ),
"times": PoolRealArray( 0, 0.2 )
}
tracks/17/type = "bezier"
tracks/17/path = NodePath("Node2D/Skeleton2D/Bassin/Torse/Bras_Arriere/AvantBras_Arriere/Main_Arriere:rotation_degrees")
tracks/17/interp = 1
tracks/17/loop_wrap = true
tracks/17/imported = false
tracks/17/enabled = true
tracks/17/keys = {
"points": PoolRealArray( 63.41, -0.25, 0, 0.25, 0, 70.3269, -0.25, 0, 0.25, 0 ),
"times": PoolRealArray( 0, 0.4 )
}
tracks/18/type = "bezier"
tracks/18/path = NodePath("Node2D/Skeleton2D/Bassin/Torse/Bras_Arriere/AvantBras_Arriere:position:x")
tracks/18/interp = 1
tracks/18/loop_wrap = true
tracks/18/imported = false
tracks/18/enabled = true
tracks/18/keys = {
"points": PoolRealArray( -15.1361, -0.25, 0, 0.25, 0, -15.1361, -0.25, 0, 0.25, 0, -15.1361, -0.25, 0, 0.25, 0, -15.1361, -0.25, 0, 0.25, 0, -15.1361, -0.25, 0, 0.25, 0 ),
"times": PoolRealArray( 0, 0.2, 0.4, 0.6, 1 )
}
tracks/19/type = "bezier"
tracks/19/path = NodePath("Node2D/Skeleton2D/Bassin/Torse/Bras_Arriere/AvantBras_Arriere:position:y")
tracks/19/interp = 1
tracks/19/loop_wrap = true
tracks/19/imported = false
tracks/19/enabled = true
tracks/19/keys = {
"points": PoolRealArray( 153.043, -0.25, 0, 0.25, 0, 153.043, -0.25, 0, 0.25, 0, 153.043, -0.25, 0, 0.25, 0, 153.043, -0.25, 0, 0.25, 0, 153.043, -0.25, 0, 0.25, 0 ),
"times": PoolRealArray( 0, 0.2, 0.4, 0.6, 1 )
}
tracks/20/type = "bezier"
tracks/20/path = NodePath("Node2D/Skeleton2D/Bassin/Torse/Bras_Arriere/AvantBras_Arriere:rotation_degrees")
tracks/20/interp = 1
tracks/20/loop_wrap = true
tracks/20/imported = false
tracks/20/enabled = true
tracks/20/keys = {
"points": PoolRealArray( 0, -0.25, 0, 0.25, 0, 0, -0.25, 0, 0.25, 0, 0, -0.25, 0, 0.25, 0, 0, -0.25, 0, 0.25, 0, 0, -0.25, 0, 0.25, 0 ),
"times": PoolRealArray( 0, 0.2, 0.4, 0.6, 1 )
}
tracks/21/type = "bezier"
tracks/21/path = NodePath("Node2D/Skeleton2D/Bassin/Cuisse_Arriere/Tibia_Arriere/Pied_Arriere/Orteilles_Arriere:position:x")
tracks/21/interp = 1
tracks/21/loop_wrap = true
tracks/21/imported = false
tracks/21/enabled = true
tracks/21/keys = {
"points": PoolRealArray( 98.9949, -0.25, 0, 0.25, 0, 98.9949, -0.25, 0, 0.25, 0 ),
"times": PoolRealArray( 0, 0.2 )
}
tracks/22/type = "bezier"
tracks/22/path = NodePath("Node2D/Skeleton2D/Bassin/Cuisse_Arriere/Tibia_Arriere/Pied_Arriere/Orteilles_Arriere:position:y")
tracks/22/interp = 1
tracks/22/loop_wrap = true
tracks/22/imported = false
tracks/22/enabled = true
tracks/22/keys = {
"points": PoolRealArray( 62.2254, -0.25, 0, 0.25, 0, 62.2254, -0.25, 0, 0.25, 0 ),
"times": PoolRealArray( 0, 0.2 )
}
tracks/23/type = "bezier"
tracks/23/path = NodePath("Node2D/Skeleton2D/Bassin/Cuisse_Arriere/Tibia_Arriere/Pied_Arriere/Orteilles_Arriere:rotation_degrees")
tracks/23/interp = 1
tracks/23/loop_wrap = true
tracks/23/imported = false
tracks/23/enabled = true
tracks/23/keys = {
"points": PoolRealArray( 0, -0.25, 0, 0.25, 0, 14.807, -0.25, 0, 0.25, 0 ),
"times": PoolRealArray( 0, 2 )
}
tracks/24/type = "bezier"
tracks/24/path = NodePath("Node2D/Skeleton2D/Bassin/Cuisse_Avant/Tibia_Avant:position:x")
tracks/24/interp = 1
tracks/24/loop_wrap = true
tracks/24/imported = false
tracks/24/enabled = true
tracks/24/keys = {
"points": PoolRealArray( 50.7968, -0.25, 0, 0.25, 0, 50.7968, -0.25, 0, 0.25, 0 ),
"times": PoolRealArray( 0, 0.2 )
}
tracks/25/type = "bezier"
tracks/25/path = NodePath("Node2D/Skeleton2D/Bassin/Cuisse_Avant/Tibia_Avant:position:y")
tracks/25/interp = 1
tracks/25/loop_wrap = true
tracks/25/imported = false
tracks/25/enabled = true
tracks/25/keys = {
"points": PoolRealArray( 244.46, -0.25, 0, 0.25, 0, 244.46, -0.25, 0, 0.25, 0 ),
"times": PoolRealArray( 0, 0.2 )
}
tracks/26/type = "bezier"
tracks/26/path = NodePath("Node2D/Skeleton2D/Bassin/Cuisse_Avant/Tibia_Avant:rotation_degrees")
tracks/26/interp = 1
tracks/26/loop_wrap = true
tracks/26/imported = false
tracks/26/enabled = true
tracks/26/keys = {
"points": PoolRealArray( 0, -0.25, 0, 0.25, 0, 0, -0.25, 0, 0.25, 0 ),
"times": PoolRealArray( 0, 0.2 )
}
tracks/27/type = "bezier"
tracks/27/path = NodePath("Node2D/Skeleton2D/Bassin/Torse/Bras_Avant/AvantBras_Avant/Main_Avant:position:x")
tracks/27/interp = 1
tracks/27/loop_wrap = true
tracks/27/imported = false
tracks/27/enabled = true
tracks/27/keys = {
"points": PoolRealArray( 25.2269, -0.25, 0, 0.25, 0, 25.2269, -0.25, 0, 0.25, 0 ),
"times": PoolRealArray( 0, 0.2 )
}
tracks/28/type = "bezier"
tracks/28/path = NodePath("Node2D/Skeleton2D/Bassin/Torse/Bras_Avant/AvantBras_Avant/Main_Avant:position:y")
tracks/28/interp = 1
tracks/28/loop_wrap = true
tracks/28/imported = false
tracks/28/enabled = true
tracks/28/keys = {
"points": PoolRealArray( 169.861, -0.25, 0, 0.25, 0, 169.861, -0.25, 0, 0.25, 0 ),
"times": PoolRealArray( 0, 0.2 )
}
tracks/29/type = "bezier"
tracks/29/path = NodePath("Node2D/Skeleton2D/Bassin/Torse/Bras_Avant/AvantBras_Avant/Main_Avant:rotation_degrees")
tracks/29/interp = 1
tracks/29/loop_wrap = true
tracks/29/imported = false
tracks/29/enabled = true
tracks/29/keys = {
"points": PoolRealArray( 94.3139, -0.25, 0, 0.25, 0 ),
"times": PoolRealArray( 0 )
}
tracks/30/type = "bezier"
tracks/30/path = NodePath("Node2D/Skeleton2D/Bassin/Torse/Bras_Avant/AvantBras_Avant:position:x")
tracks/30/interp = 1
tracks/30/loop_wrap = true
tracks/30/imported = false
tracks/30/enabled = true
tracks/30/keys = {
"points": PoolRealArray( 1.68176, -0.25, 0, 0.25, 0, 1.68176, -0.25, 0, 0.25, 0 ),
"times": PoolRealArray( 0, 0.2 )
}
tracks/31/type = "bezier"
tracks/31/path = NodePath("Node2D/Skeleton2D/Bassin/Torse/Bras_Avant/AvantBras_Avant:position:y")
tracks/31/interp = 1
tracks/31/loop_wrap = true
tracks/31/imported = false
tracks/31/enabled = true
tracks/31/keys = {
"points": PoolRealArray( 147.998, -0.25, 0, 0.25, 0, 147.998, -0.25, 0, 0.25, 0 ),
"times": PoolRealArray( 0, 0.2 )
}
tracks/32/type = "bezier"
tracks/32/path = NodePath("Node2D/Skeleton2D/Bassin/Torse/Bras_Avant/AvantBras_Avant:rotation_degrees")
tracks/32/interp = 1
tracks/32/loop_wrap = true
tracks/32/imported = false
tracks/32/enabled = true
tracks/32/keys = {
"points": PoolRealArray( 0, -0.25, 0, 0.25, 0, 0, -0.25, 0, 0.25, 0 ),
"times": PoolRealArray( 0, 0.2 )
}
tracks/33/type = "bezier"
tracks/33/path = NodePath("Node2D/Skeleton2D/Bassin/Torse/Bras_Avant:position:x")
tracks/33/interp = 1
tracks/33/loop_wrap = true
tracks/33/imported = false
tracks/33/enabled = true
tracks/33/keys = {
"points": PoolRealArray( -146.316, -0.25, 0, 0.25, 0, -146.316, -0.25, 0, 0.25, 0 ),
"times": PoolRealArray( 0, 0.2 )
}
tracks/34/type = "bezier"
tracks/34/path = NodePath("Node2D/Skeleton2D/Bassin/Torse/Bras_Avant:position:y")
tracks/34/interp = 1
tracks/34/loop_wrap = true
tracks/34/imported = false
tracks/34/enabled = true
tracks/34/keys = {
"points": PoolRealArray( -129.498, -0.25, 0, 0.25, 0, -129.498, -0.25, 0, 0.25, 0 ),
"times": PoolRealArray( 0, 0.2 )
}
tracks/35/type = "bezier"
tracks/35/path = NodePath("Node2D/Skeleton2D/Bassin/Torse/Bras_Avant:rotation_degrees")
tracks/35/interp = 1
tracks/35/loop_wrap = true
tracks/35/imported = false
tracks/35/enabled = true
tracks/35/keys = {
"points": PoolRealArray( -6.35154, -0.25, 0, 0.25, 0, -6.35154, -0.25, 0, 0.25, 0, -0.117934, -0.25, 0, 0.25, 0 ),
"times": PoolRealArray( 0, 0.2, 1 )
}
tracks/36/type = "bezier"
tracks/36/path = NodePath("Node2D/Skeleton2D/Bassin/Cuisse_Avant/Tibia_Avant/Pied_Avant:position:x")
tracks/36/interp = 1
tracks/36/loop_wrap = true
tracks/36/imported = false
tracks/36/enabled = true
tracks/36/keys = {
"points": PoolRealArray( -1.5874, -0.25, 0, 0.25, 0, -1.5874, -0.25, 0, 0.25, 0 ),
"times": PoolRealArray( 0, 0.2 )
}
tracks/37/type = "bezier"
tracks/37/path = NodePath("Node2D/Skeleton2D/Bassin/Cuisse_Avant/Tibia_Avant/Pied_Avant:position:y")
tracks/37/interp = 1
tracks/37/loop_wrap = true
tracks/37/imported = false
tracks/37/enabled = true
tracks/37/keys = {
"points": PoolRealArray( 215.887, -0.25, 0, 0.25, 0, 215.887, -0.25, 0, 0.25, 0 ),
"times": PoolRealArray( 0, 0.2 )
}
tracks/38/type = "bezier"
tracks/38/path = NodePath("Node2D/Skeleton2D/Bassin/Cuisse_Avant/Tibia_Avant/Pied_Avant:rotation_degrees")
tracks/38/interp = 1
tracks/38/loop_wrap = true
tracks/38/imported = false
tracks/38/enabled = true
tracks/38/keys = {
"points": PoolRealArray( 0, -0.25, 0, 0.25, 0, 0, -0.25, 0, 0.25, 0 ),
"times": PoolRealArray( 0, 0.2 )
}
tracks/39/type = "bezier"
tracks/39/path = NodePath("Node2D/Skeleton2D/Bassin/Cuisse_Avant/Tibia_Avant/Pied_Avant/Orteilles_Avant:position:x")
tracks/39/interp = 1
tracks/39/loop_wrap = true
tracks/39/imported = false
tracks/39/enabled = true
tracks/39/keys = {
"points": PoolRealArray( 89.0956, -0.25, 0, 0.25, 0, 89.0956, -0.25, 0, 0.25, 0 ),
"times": PoolRealArray( 0, 0.2 )
}
tracks/40/type = "bezier"
tracks/40/path = NodePath("Node2D/Skeleton2D/Bassin/Cuisse_Avant/Tibia_Avant/Pied_Avant/Orteilles_Avant:position:y")
tracks/40/interp = 1
tracks/40/loop_wrap = true
tracks/40/imported = false
tracks/40/enabled = true
tracks/40/keys = {
"points": PoolRealArray( 53.7402, -0.25, 0, 0.25, 0, 53.7402, -0.25, 0, 0.25, 0 ),
"times": PoolRealArray( 0, 0.2 )
}
tracks/41/type = "bezier"
tracks/41/path = NodePath("Node2D/Skeleton2D/Bassin/Cuisse_Avant/Tibia_Avant/Pied_Avant/Orteilles_Avant:rotation_degrees")
tracks/41/interp = 1
tracks/41/loop_wrap = true
tracks/41/imported = false
tracks/41/enabled = true
tracks/41/keys = {
"points": PoolRealArray( 0, -0.25, 0, 0.25, 0 ),
"times": PoolRealArray( 0 )
}
tracks/42/type = "bezier"
tracks/42/path = NodePath("Node2D/Skeleton2D/Bassin/Torse/Cou/Barbe:position:x")
tracks/42/interp = 1
tracks/42/loop_wrap = true
tracks/42/imported = false
tracks/42/enabled = true
tracks/42/keys = {
"points": PoolRealArray( 55.6886, -0.25, 0, 0.25, 0, 55.6886, -0.25, 0, 0.25, 0 ),
"times": PoolRealArray( 0, 0.2 )
}
tracks/43/type = "bezier"
tracks/43/path = NodePath("Node2D/Skeleton2D/Bassin/Torse/Cou/Barbe:position:y")
tracks/43/interp = 1
tracks/43/loop_wrap = true
tracks/43/imported = false
tracks/43/enabled = true
tracks/43/keys = {
"points": PoolRealArray( -1.88776, -0.25, 0, 0.25, 0, -1.88776, -0.25, 0, 0.25, 0 ),
"times": PoolRealArray( 0, 0.2 )
}
tracks/44/type = "bezier"
tracks/44/path = NodePath("Node2D/Skeleton2D/Bassin/Torse/Cou/Barbe:rotation_degrees")
tracks/44/interp = 1
tracks/44/loop_wrap = true
tracks/44/imported = false
tracks/44/enabled = true
tracks/44/keys = {
"points": PoolRealArray( 57.8685, -0.25, 0, 0.25, 0 ),
"times": PoolRealArray( 0 )
}
tracks/45/type = "bezier"
tracks/45/path = NodePath("Node2D/Skeleton2D/Bassin:position:x")
tracks/45/interp = 1
tracks/45/loop_wrap = true
tracks/45/imported = false
tracks/45/enabled = true
tracks/45/keys = {
"points": PoolRealArray( 166.362, -0.25, 0, 0.25, 0, 173.402, -0.25, 0, 0.25, 0, 224.444, -0.25, 0, 0.25, 0 ),
"times": PoolRealArray( 0, 0.2, 2 )
}
tracks/46/type = "bezier"
tracks/46/path = NodePath("Node2D/Skeleton2D/Bassin:position:y")
tracks/46/interp = 1
tracks/46/loop_wrap = true
tracks/46/imported = false
tracks/46/enabled = true
tracks/46/keys = {
"points": PoolRealArray( 243.787, -0.25, 0, 0.25, 0, 237.388, -0.25, 0, 0.25, 0, 287.933, -0.25, 0, 0.25, 0 ),
"times": PoolRealArray( 0, 0.2, 2 )
}
tracks/47/type = "bezier"
tracks/47/path = NodePath("Node2D/Skeleton2D/Bassin:rotation_degrees")
tracks/47/interp = 1
tracks/47/loop_wrap = true
tracks/47/imported = false
tracks/47/enabled = true
tracks/47/keys = {
"points": PoolRealArray( 3.73788, -0.25, 0, 0.25, 0 ),
"times": PoolRealArray( 0 )
}
tracks/48/type = "bezier"
tracks/48/path = NodePath("Node2D/Skeleton2D/Bassin/Torse:position:x")
tracks/48/interp = 1
tracks/48/loop_wrap = true
tracks/48/imported = false
tracks/48/enabled = true
tracks/48/keys = {
"points": PoolRealArray( -17.9797, -0.25, 0, 0.25, 0, -17.9797, -0.25, 0, 0.25, 0 ),
"times": PoolRealArray( 0, 0.2 )
}
tracks/49/type = "bezier"
tracks/49/path = NodePath("Node2D/Skeleton2D/Bassin/Torse:position:y")
tracks/49/interp = 1
tracks/49/loop_wrap = true
tracks/49/imported = false
tracks/49/enabled = true
tracks/49/keys = {
"points": PoolRealArray( -133.349, -0.25, 0, 0.25, 0, -133.349, -0.25, 0, 0.25, 0 ),
"times": PoolRealArray( 0, 0.2 )
}
tracks/50/type = "bezier"
tracks/50/path = NodePath("Node2D/Skeleton2D/Bassin/Torse:rotation_degrees")
tracks/50/interp = 1
tracks/50/loop_wrap = true
tracks/50/imported = false
tracks/50/enabled = true
tracks/50/keys = {
"points": PoolRealArray( -25.9135, -0.25, 0, 0.25, 0, 16.7806, -0.25, 0, 0.25, 0, 27.3927, -0.25, 0, 0.25, 0, 46.9255, -0.25, 0, 0.25, 0, 76.6033, -0.25, 0, 0.25, 0 ),
"times": PoolRealArray( 0, 0.2, 0.6, 1.3, 2 )
}
tracks/51/type = "bezier"
tracks/51/path = NodePath("Node2D/Skeleton2D/Bassin/Torse/Cou:position:x")
tracks/51/interp = 1
tracks/51/loop_wrap = true
tracks/51/imported = false
tracks/51/enabled = true
tracks/51/keys = {
"points": PoolRealArray( 22.0391, -0.25, 0, 0.25, 0, 22.0391, -0.25, 0, 0.25, 0 ),
"times": PoolRealArray( 0, 0.2 )
}
tracks/52/type = "bezier"
tracks/52/path = NodePath("Node2D/Skeleton2D/Bassin/Torse/Cou:position:y")
tracks/52/interp = 1
tracks/52/loop_wrap = true
tracks/52/imported = false
tracks/52/enabled = true
tracks/52/keys = {
"points": PoolRealArray( -219.862, -0.25, 0, 0.25, 0, -219.862, -0.25, 0, 0.25, 0 ),
"times": PoolRealArray( 0, 0.2 )
}
tracks/53/type = "bezier"
tracks/53/path = NodePath("Node2D/Skeleton2D/Bassin/Torse/Cou:rotation_degrees")
tracks/53/interp = 1
tracks/53/loop_wrap = true
tracks/53/imported = false
tracks/53/enabled = true
tracks/53/keys = {
"points": PoolRealArray( 0, -0.25, 0, 0.25, 0 ),
"times": PoolRealArray( 0 )
}
tracks/54/type = "bezier"
tracks/54/path = NodePath("Node2D/Skeleton2D/Bassin/Torse/Bras_Arriere/AvantBras_Arriere/Main_Arriere:scale:x")
tracks/54/interp = 1
tracks/54/loop_wrap = true
tracks/54/imported = false
tracks/54/enabled = true
tracks/54/keys = {
"points": PoolRealArray( 1, -0.25, 0, 0.25, 0, 0.600166, -0.25, 0, 0.25, 0, 0.765141, -0.25, 0, 0.25, 0, 0.782269, -0.25, 0, 0.25, 0 ),
"times": PoolRealArray( 0, 0.4, 0.6, 1 )
}
tracks/55/type = "bezier"
tracks/55/path = NodePath("Node2D/Skeleton2D/Bassin/Torse/Bras_Arriere/AvantBras_Arriere/Main_Arriere:scale:y")
tracks/55/interp = 1
tracks/55/loop_wrap = true
tracks/55/imported = false
tracks/55/enabled = true
tracks/55/keys = {
"points": PoolRealArray( 1, -0.25, 0, 0.25, 0, 1.10611, -0.25, 0, 0.25, 0, 1.73511, -0.25, 0, 0.25, 0, 0.814979, -0.25, 0, 0.25, 0 ),
"times": PoolRealArray( 0, 0.4, 0.6, 1 )
}
tracks/56/type = "bezier"
tracks/56/path = NodePath("Node2D/Skeleton2D/Bassin/Torse/Bras_Arriere/AvantBras_Arriere:scale:x")
tracks/56/interp = 1
tracks/56/loop_wrap = true
tracks/56/imported = false
tracks/56/enabled = true
tracks/56/keys = {
"points": PoolRealArray( 1, -0.25, 0, 0.25, 0, 1, -0.25, 0, 0.25, 0, 1, -0.25, 0, 0.25, 0, 1, -0.25, 0, 0.25, 0 ),
"times": PoolRealArray( 0, 0.4, 0.6, 1 )
}
tracks/57/type = "bezier"
tracks/57/path = NodePath("Node2D/Skeleton2D/Bassin/Torse/Bras_Arriere/AvantBras_Arriere:scale:y")
tracks/57/interp = 1
tracks/57/loop_wrap = true
tracks/57/imported = false
tracks/57/enabled = true
tracks/57/keys = {
"points": PoolRealArray( 1, -0.25, 0, 0.25, 0, 1, -0.25, 0, 0.25, 0, 1, -0.25, 0, 0.25, 0, 1, -0.25, 0, 0.25, 0 ),
"times": PoolRealArray( 0, 0.4, 0.6, 1 )
}
tracks/58/type = "bezier"
tracks/58/path = NodePath("Node2D/Skeleton2D/Bassin/Torse/Bras_Arriere:scale:x")
tracks/58/interp = 1
tracks/58/loop_wrap = true
tracks/58/imported = false
tracks/58/enabled = true
tracks/58/keys = {
"points": PoolRealArray( 1, -0.25, 0, 0.25, 0, 1, -0.25, 0, 0.25, 0, 1, -0.25, 0, 0.25, 0, 1, -0.25, 0, 0.25, 0 ),
"times": PoolRealArray( 0, 0.4, 0.6, 1 )
}
tracks/59/type = "bezier"
tracks/59/path = NodePath("Node2D/Skeleton2D/Bassin/Torse/Bras_Arriere:scale:y")
tracks/59/interp = 1
tracks/59/loop_wrap = true
tracks/59/imported = false
tracks/59/enabled = true
tracks/59/keys = {
"points": PoolRealArray( 1, -0.25, 0, 0.25, 0, 1, -0.25, 0, 0.25, 0, 1, -0.25, 0, 0.25, 0, 1, -0.25, 0, 0.25, 0 ),
"times": PoolRealArray( 0, 0.4, 0.6, 1 )
}

[sub_resource type="RectangleShape2D" id=4]
extents = Vector2( 201.588, 579.04 )

[sub_resource type="Shader" id=5]
code = "shader_type canvas_item;

uniform sampler2D NormalMap;

void fragment() {
//normal maps expect Y-up, but 2D is Y-down, so must mirror this.
COLOR = texture(TEXTURE, UV);
NORMAL = texture(NormalMap, UV).rgb * vec3(2.0, -2.0, 1.0) - vec3(1.0, -1.0, 0.0);
}"
custom_defines = ""

[sub_resource type="ShaderMaterial" id=6]
shader = SubResource( 5 )
shader_param/NormalMap = ExtResource( 8 )

[node name="Player" type="KinematicBody2D" groups=[
"Player",
]]
collision_layer = 2
collision_mask = 9
script = ExtResource( 7 )

[node name="AnimationPlayer" type="AnimationPlayer" parent="."]
anims/Jump = SubResource( 1 )
anims/Rest_Pose = SubResource( 2 )
"anims/attack animation" = SubResource( 3 )

[node name="CollisionShape2D" type="CollisionShape2D" parent="."]
position = Vector2( 10.6586, 201.219 )
shape = SubResource( 4 )

[node name="Camera2D" type="Camera2D" parent="."]
current = true
script = ExtResource( 6 )

[node name="Node2D" type="Node2D" parent="."]

[node name="Sprites" type="Node2D" parent="Node2D"]
position = Vector2( -171, 0 )

[node name="Bras_Arriere" type="Polygon2D" parent="Node2D/Sprites"]
position = Vector2( 208.179, 42.08 )
texture = ExtResource( 4 )
skeleton = NodePath("../../Skeleton2D")
polygon = PoolVector2Array( 73.3333, -17.7778, 153.333, 32.2222, 152.222, 70, 126.667, 105.556, 131.111, 135.556, 128.889, 164.444, 118.889, 193.333, 151.111, 212.222, 138.889, 290, 132.222, 346.667, 153.333, 355.556, 183.333, 372.222, 170, 464.444, 97.7778, 490, 10, 492.222, -5.55554, 424.444, 11.1111, 362.222, 23.3333, 341.111, 10, 315.556, -11.1111, 213.333, 8.88892, 183.333, 3.33331, 163.333, 10, 117.778, 20, 110, 4.44446, 95.5556, 0, 22.2222, 46.6667, -14.4444, 69.3182, 75, 69.8864, 131.25, 76.1364, 329.545, 69.8864, 252.841 )
uv = PoolVector2Array( 73.3333, -17.7778, 153.333, 32.2222, 152.222, 70, 126.667, 105.556, 131.111, 135.556, 128.889, 164.444, 118.889, 193.333, 151.111, 212.222, 138.889, 290, 132.222, 346.667, 153.333, 355.556, 183.333, 372.222, 170, 464.444, 97.7778, 490, 10, 492.222, -5.55554, 424.444, 11.1111, 362.222, 23.3333, 341.111, 10, 315.556, -11.1111, 213.333, 8.88892, 183.333, 3.33331, 163.333, 10, 117.778, 20, 110, 4.44446, 95.5556, 0, 22.2222, 46.6667, -14.4444, 69.3182, 75, 69.8864, 131.25, 76.1364, 329.545, 69.8864, 252.841 )
polygons = [ PoolIntArray( 25, 26, 1 ), PoolIntArray( 20, 6, 5, 21 ), PoolIntArray( 19, 7, 6, 20 ), PoolIntArray( 16, 15, 11, 9 ), PoolIntArray( 16, 17, 9 ), PoolIntArray( 15, 14, 13, 12, 11 ), PoolIntArray( 27, 2, 4, 28 ), PoolIntArray( 28, 22, 24, 27 ), PoolIntArray( 2, 1, 25, 24, 27 ), PoolIntArray( 21, 22, 28, 4, 5 ), PoolIntArray( 30, 29, 9, 8 ), PoolIntArray( 17, 29, 9 ), PoolIntArray( 18, 17, 29, 30 ), PoolIntArray( 19, 18, 30, 8, 7 ) ]
bones = [ NodePath("Bassin"), PoolRealArray( 0, 0, 0, 0, 0, 0, 0, 0, 0, 0, 0, 0, 0, 0, 0, 0, 0, 0, 0, 0, 0, 0, 0, 0, 0, 0, 0, 0, 0, 0, 0 ), NodePath("Bassin/Torse"), PoolRealArray( 0, 0, 0, 0, 0, 0, 0, 0, 0, 0, 0, 0, 0, 0, 0, 0, 0, 0, 0, 0, 0, 0, 0, 0, 0, 0, 0, 0, 0, 0, 0 ), NodePath("Bassin/Torse/Cou"), PoolRealArray( 0, 0, 0, 0, 0, 0, 0, 0, 0, 0, 0, 0, 0, 0, 0, 0, 0, 0, 0, 0, 0, 0, 0, 0, 0, 0, 0, 0, 0, 0, 0 ), NodePath("Bassin/Torse/Cou/Barbe"), PoolRealArray( 0, 0, 0, 0, 0, 0, 0, 0, 0, 0, 0, 0, 0, 0, 0, 0, 0, 0, 0, 0, 0, 0, 0, 0, 0, 0, 0, 0, 0, 0, 0 ), NodePath("Bassin/Torse/Bras_Avant"), PoolRealArray( 0, 0, 0, 0, 0, 0, 0, 0, 0, 0, 0, 0, 0, 0, 0, 0, 0, 0, 0, 0, 0, 0, 0, 0, 0, 0, 0, 0, 0, 0, 0 ), NodePath("Bassin/Torse/Bras_Avant/AvantBras_Avant"), PoolRealArray( 0, 0, 0, 0, 0, 0, 0, 0, 0, 0, 0, 0, 0, 0, 0, 0, 0, 0, 0, 0, 0, 0, 0, 0, 0, 0, 0, 0, 0, 0, 0 ), NodePath("Bassin/Torse/Bras_Avant/AvantBras_Avant/Main_Avant"), PoolRealArray( 0, 0, 0, 0, 0, 0, 0, 0, 0, 0, 0, 0, 0, 0, 0, 0, 0, 0, 0, 0, 0, 0, 0, 0, 0, 0, 0, 0, 0, 0, 0 ), NodePath("Bassin/Torse/Bras_Arriere"), PoolRealArray( 0, 1, 1, 1, 1, 1, 1, 0.29, 0, 0, 0, 0, 0, 0, 0, 0, 0, 0, 0, 0.29, 1, 1, 1, 1, 1, 1, 1, 1, 1, 0, 0 ), NodePath("Bassin/Torse/Bras_Arriere/AvantBras_Arriere"), PoolRealArray( 0, 0, 0, 0, 0, 0, 0, 1, 1, 1, 0, 0, 0, 0, 0, 0, 1, 1, 1, 1, 0, 0, 0, 0, 0, 0, 0, 0, 0, 1, 1 ), NodePath("Bassin/Torse/Bras_Arriere/AvantBras_Arriere/Main_Arriere"), PoolRealArray( 0, 0, 0, 0, 0, 0, 0, 0, 0, 1, 1, 1, 1, 1, 1, 1, 1, 1, 0, 0, 0, 0, 0, 0, 0, 0, 0, 0, 0, 1, 0 ), NodePath("Bassin/Cuisse_Avant"), PoolRealArray( 0, 0, 0, 0, 0, 0, 0, 0, 0, 0, 0, 0, 0, 0, 0, 0, 0, 0, 0, 0, 0, 0, 0, 0, 0, 0, 0, 0, 0, 0, 0 ), NodePath("Bassin/Cuisse_Avant/Tibia_Avant"), PoolRealArray( 0, 0, 0, 0, 0, 0, 0, 0, 0, 0, 0, 0, 0, 0, 0, 0, 0, 0, 0, 0, 0, 0, 0, 0, 0, 0, 0, 0, 0, 0, 0 ), NodePath("Bassin/Cuisse_Avant/Tibia_Avant/Pied_Avant"), PoolRealArray( 0, 0, 0, 0, 0, 0, 0, 0, 0, 0, 0, 0, 0, 0, 0, 0, 0, 0, 0, 0, 0, 0, 0, 0, 0, 0, 0, 0, 0, 0, 0 ), NodePath("Bassin/Cuisse_Arriere"), PoolRealArray( 0, 0, 0, 0, 0, 0, 0, 0, 0, 0, 0, 0, 0, 0, 0, 0, 0, 0, 0, 0, 0, 0, 0, 0, 0, 0, 0, 0, 0, 0, 0 ), NodePath("Bassin/Cuisse_Arriere/Tibia_Arriere"), PoolRealArray( 0, 0, 0, 0, 0, 0, 0, 0, 0, 0, 0, 0, 0, 0, 0, 0, 0, 0, 0, 0, 0, 0, 0, 0, 0, 0, 0, 0, 0, 0, 0 ), NodePath("Bassin/Cuisse_Arriere/Tibia_Arriere/Pied_Arriere"), PoolRealArray( 0, 0, 0, 0, 0, 0, 0, 0, 0, 0, 0, 0, 0, 0, 0, 0, 0, 0, 0, 0, 0, 0, 0, 0, 0, 0, 0, 0, 0, 0, 0 ), NodePath("Bassin/Pagne"), PoolRealArray( 0, 0, 0, 0, 0, 0, 0, 0, 0, 0, 0, 0, 0, 0, 0, 0, 0, 0, 0, 0, 0, 0, 0, 0, 0, 0, 0, 0, 0, 0, 0 ) ]
internal_vertex_count = 4

[node name="Jambe_Arriere" type="Polygon2D" parent="Node2D/Sprites"]
position = Vector2( 160.355, 392.445 )
texture = ExtResource( 5 )
skeleton = NodePath("../../Skeleton2D")
polygon = PoolVector2Array( -17.7778, 90, 12.2222, 185.556, 37.7778, 234.444, 45.5555, 251.111, 46.6667, 267.778, 38.8889, 347.778, 15.5555, 405.556, 10, 425.556, 35.5555, 435.556, 21.1111, 511.111, 52.2222, 541.111, 277.778, 521.111, 272.222, 454.444, 180, 433.333, 184.444, 421.111, 212.222, 414.444, 178.889, 348.889, 177.778, 248.889, 185.556, 221.111, 173.333, 184.444, 153.333, 7.77779, 142.222, -8.88889, -25.5555, 2.22223, 200, 438.686, 206.569, 527.737 )
uv = PoolVector2Array( -17.7778, 90, 12.2222, 185.556, 37.7778, 234.444, 45.5555, 251.111, 46.6667, 267.778, 38.8889, 347.778, 15.5555, 405.556, 10, 425.556, 35.5555, 435.556, 21.1111, 511.111, 52.2222, 541.111, 277.778, 521.111, 272.222, 454.444, 180, 433.333, 184.444, 421.111, 212.222, 414.444, 178.889, 348.889, 177.778, 248.889, 185.556, 221.111, 173.333, 184.444, 153.333, 7.77779, 142.222, -8.88889, -25.5555, 2.22223, 200, 438.686, 206.569, 527.737 )
polygons = [ PoolIntArray( 22, 0, 20, 21 ), PoolIntArray( 0, 1, 2, 19, 20 ), PoolIntArray( 2, 3, 18, 19 ), PoolIntArray( 4, 3, 18, 17 ), PoolIntArray( 8, 5, 4, 17, 16, 14 ), PoolIntArray( 13, 14, 8 ), PoolIntArray( 13, 9, 8 ), PoolIntArray( 13, 10, 9 ), PoolIntArray( 13, 10, 24, 23 ), PoolIntArray( 23, 12, 11, 24 ) ]
bones = [ NodePath("Bassin"), PoolRealArray( 0, 0, 0, 0, 0, 0, 0, 0, 0, 0, 0, 0, 0, 0, 0, 0, 0, 0, 0, 0, 0, 0, 0, 0, 0 ), NodePath("Bassin/Torse"), PoolRealArray( 0, 0, 0, 0, 0, 0, 0, 0, 0, 0, 0, 0, 0, 0, 0, 0, 0, 0, 0, 0, 0, 0, 0, 0, 0 ), NodePath("Bassin/Torse/Cou"), PoolRealArray( 0, 0, 0, 0, 0, 0, 0, 0, 0, 0, 0, 0, 0, 0, 0, 0, 0, 0, 0, 0, 0, 0, 0, 0, 0 ), NodePath("Bassin/Torse/Cou/Barbe"), PoolRealArray( 0, 0, 0, 0, 0, 0, 0, 0, 0, 0, 0, 0, 0, 0, 0, 0, 0, 0, 0, 0, 0, 0, 0, 0, 0 ), NodePath("Bassin/Torse/Bras_Avant"), PoolRealArray( 0, 0, 0, 0, 0, 0, 0, 0, 0, 0, 0, 0, 0, 0, 0, 0, 0, 0, 0, 0, 0, 0, 0, 0, 0 ), NodePath("Bassin/Torse/Bras_Avant/AvantBras_Avant"), PoolRealArray( 0, 0, 0, 0, 0, 0, 0, 0, 0, 0, 0, 0, 0, 0, 0, 0, 0, 0, 0, 0, 0, 0, 0, 0, 0 ), NodePath("Bassin/Torse/Bras_Avant/AvantBras_Avant/Main_Avant"), PoolRealArray( 0, 0, 0, 0, 0, 0, 0, 0, 0, 0, 0, 0, 0, 0, 0, 0, 0, 0, 0, 0, 0, 0, 0, 0, 0 ), NodePath("Bassin/Torse/Bras_Arriere"), PoolRealArray( 0, 0, 0, 0, 0, 0, 0, 0, 0, 0, 0, 0, 0, 0, 0, 0, 0, 0, 0, 0, 0, 0, 0, 0, 0 ), NodePath("Bassin/Torse/Bras_Arriere/AvantBras_Arriere"), PoolRealArray( 0, 0, 0, 0, 0, 0, 0, 0, 0, 0, 0, 0, 0, 0, 0, 0, 0, 0, 0, 0, 0, 0, 0, 0, 0 ), NodePath("Bassin/Torse/Bras_Arriere/AvantBras_Arriere/Main_Arriere"), PoolRealArray( 0, 0, 0, 0, 0, 0, 0, 0, 0, 0, 0, 0, 0, 0, 0, 0, 0, 0, 0, 0, 0, 0, 0, 0, 0 ), NodePath("Bassin/Cuisse_Avant"), PoolRealArray( 0, 0, 0, 0, 0, 0, 0, 0, 0, 0, 0, 0, 0, 0, 0, 0, 0, 0, 0, 0, 0, 0, 0, 0, 0 ), NodePath("Bassin/Cuisse_Avant/Tibia_Avant"), PoolRealArray( 0, 0, 0, 0, 0, 0, 0, 0, 0, 0, 0, 0, 0, 0, 0, 0, 0, 0, 0, 0, 0, 0, 0, 0, 0 ), NodePath("Bassin/Cuisse_Avant/Tibia_Avant/Pied_Avant"), PoolRealArray( 0, 0, 0, 0, 0, 0, 0, 0, 0, 0, 0, 0, 0, 0, 0, 0, 0, 0, 0, 0, 0, 0, 0, 0, 0 ), NodePath("Bassin/Cuisse_Avant/Tibia_Avant/Pied_Avant/Orteilles_Avant"), PoolRealArray( 0, 0, 0, 0, 0, 0, 0, 0, 0, 0, 0, 0, 0, 0, 0, 0, 0, 0, 0, 0, 0, 0, 0, 0, 0 ), NodePath("Bassin/Cuisse_Arriere"), PoolRealArray( 1, 1, 0.76, 0.38, 0.38, 0, 0, 0, 0, 0, 0, 0, 0, 0, 0, 0, 0, 0.38, 0.38, 0.76, 1, 1, 1, 0, 0 ), NodePath("Bassin/Cuisse_Arriere/Tibia_Arriere"), PoolRealArray( 0, 0, 0, 0.76, 1, 1, 1, 0.38, 0.38, 0, 0, 0, 0, 0, 0.38, 0.38, 1, 1, 0.76, 0.38, 0, 0, 0, 0, 0 ), NodePath("Bassin/Cuisse_Arriere/Tibia_Arriere/Pied_Arriere"), PoolRealArray( 0, 0, 0, 0, 0, 0, 0, 0.38, 0.76, 1, 1, 0, 0, 0.76, 0.76, 1, 0, 0, 0, 0, 0, 0, 0, 1, 1 ), NodePath("Bassin/Cuisse_Arriere/Tibia_Arriere/Pied_Arriere/Orteilles_Arriere"), PoolRealArray( 0, 0, 0, 0, 0, 0, 0, 0, 0, 0, 0, 1, 1, 0, 0, 0, 0, 0, 0, 0, 0, 0, 0, 0.51, 0 ), NodePath("Bassin/Pagne"), PoolRealArray( 0, 0, 0, 0, 0, 0, 0, 0, 0, 0, 0, 0, 0, 0, 0, 0, 0, 0, 0, 0, 0, 0, 0, 0, 0 ) ]
internal_vertex_count = 2

[node name="Jambe_Avant" type="Polygon2D" parent="Node2D/Sprites"]
position = Vector2( 39.2804, 401.247 )
texture = ExtResource( 5 )
skeleton = NodePath("../../Skeleton2D")
polygon = PoolVector2Array( -17.7778, 90, 12.2222, 185.556, 37.7778, 234.444, 45.5555, 251.111, 46.6667, 267.778, 38.8889, 347.778, 15.5555, 405.556, 10, 425.556, 35.5555, 435.556, 21.1111, 511.111, 52.2222, 541.111, 277.778, 521.111, 272.222, 454.444, 180, 433.333, 184.444, 421.111, 212.222, 414.444, 178.889, 348.889, 177.778, 248.889, 185.556, 221.111, 173.333, 184.444, 153.333, 7.77779, 142.222, -8.88889, -25.5555, 2.22223, 200, 529.197, 217.518, 442.336 )
uv = PoolVector2Array( -17.7778, 90, 12.2222, 185.556, 37.7778, 234.444, 45.5555, 251.111, 46.6667, 267.778, 38.8889, 347.778, 15.5555, 405.556, 10, 425.556, 35.5555, 435.556, 21.1111, 511.111, 52.2222, 541.111, 277.778, 521.111, 272.222, 454.444, 180, 433.333, 184.444, 421.111, 212.222, 414.444, 178.889, 348.889, 177.778, 248.889, 185.556, 221.111, 173.333, 184.444, 153.333, 7.77779, 142.222, -8.88889, -25.5555, 2.22223, 200, 529.197, 217.518, 442.336 )
polygons = [ PoolIntArray( 17, 3, 4 ), PoolIntArray( 18, 17, 3 ), PoolIntArray( 3, 19, 18 ), PoolIntArray( 2, 19, 3 ), PoolIntArray( 2, 1, 0, 20, 19 ), PoolIntArray( 0, 22, 21, 20 ), PoolIntArray( 4, 5, 16, 17 ), PoolIntArray( 7, 15, 14, 8 ), PoolIntArray( 8, 13, 14 ), PoolIntArray( 7, 6, 5, 16, 15 ), PoolIntArray( 8, 9, 13 ), PoolIntArray( 13, 10, 9 ), PoolIntArray( 13, 24, 23, 10 ), PoolIntArray( 24, 12, 11, 23 ) ]
bones = [ NodePath("Bassin"), PoolRealArray( 0, 0, 0, 0, 0, 0, 0, 0, 0, 0, 0, 0, 0, 0, 0, 0, 0, 0, 0, 0, 0, 0, 0, 0, 0 ), NodePath("Bassin/Torse"), PoolRealArray( 0, 0, 0, 0, 0, 0, 0, 0, 0, 0, 0, 0, 0, 0, 0, 0, 0, 0, 0, 0, 0, 0, 0, 0, 0 ), NodePath("Bassin/Torse/Cou"), PoolRealArray( 0, 0, 0, 0, 0, 0, 0, 0, 0, 0, 0, 0, 0, 0, 0, 0, 0, 0, 0, 0, 0, 0, 0, 0, 0 ), NodePath("Bassin/Torse/Cou/Barbe"), PoolRealArray( 0, 0, 0, 0, 0, 0, 0, 0, 0, 0, 0, 0, 0, 0, 0, 0, 0, 0, 0, 0, 0, 0, 0, 0, 0 ), NodePath("Bassin/Torse/Bras_Avant"), PoolRealArray( 0, 0, 0, 0, 0, 0, 0, 0, 0, 0, 0, 0, 0, 0, 0, 0, 0, 0, 0, 0, 0, 0, 0, 0, 0 ), NodePath("Bassin/Torse/Bras_Avant/AvantBras_Avant"), PoolRealArray( 0, 0, 0, 0, 0, 0, 0, 0, 0, 0, 0, 0, 0, 0, 0, 0, 0, 0, 0, 0, 0, 0, 0, 0, 0 ), NodePath("Bassin/Torse/Bras_Avant/AvantBras_Avant/Main_Avant"), PoolRealArray( 0, 0, 0, 0, 0, 0, 0, 0, 0, 0, 0, 0, 0, 0, 0, 0, 0, 0, 0, 0, 0, 0, 0, 0, 0 ), NodePath("Bassin/Torse/Bras_Arriere"), PoolRealArray( 0, 0, 0, 0, 0, 0, 0, 0, 0, 0, 0, 0, 0, 0, 0, 0, 0, 0, 0, 0, 0, 0, 0, 0, 0 ), NodePath("Bassin/Torse/Bras_Arriere/AvantBras_Arriere"), PoolRealArray( 0, 0, 0, 0, 0, 0, 0, 0, 0, 0, 0, 0, 0, 0, 0, 0, 0, 0, 0, 0, 0, 0, 0, 0, 0 ), NodePath("Bassin/Torse/Bras_Arriere/AvantBras_Arriere/Main_Arriere"), PoolRealArray( 0, 0, 0, 0, 0, 0, 0, 0, 0, 0, 0, 0, 0, 0, 0, 0, 0, 0, 0, 0, 0, 0, 0, 0, 0 ), NodePath("Bassin/Cuisse_Avant"), PoolRealArray( 1, 1, 1, 0, 0, 0, 0, 0, 0, 0, 0, 0, 0, 0, 0, 0, 0, 0, 0, 1, 1, 1, 1, 0, 0 ), NodePath("Bassin/Cuisse_Avant/Tibia_Avant"), PoolRealArray( 0, 0, 1, 1, 1, 1, 1, 1, 0, 0, 0, 0, 0, 0, 1, 1, 1, 1, 1, 1, 0, 0, 0, 0, 0 ), NodePath("Bassin/Cuisse_Avant/Tibia_Avant/Pied_Avant"), PoolRealArray( 0, 0, 0, 0, 0, 0, 0.72, 1, 1, 1, 1, 0, 0, 1, 1, 1, 0, 0, 0, 0, 0, 0, 0, 1, 1 ), NodePath("Bassin/Cuisse_Avant/Tibia_Avant/Pied_Avant/Orteilles_Avant"), PoolRealArray( 0, 0, 0, 0, 0, 0, 0, 0, 0, 0, 0, 1, 1, 0, 0, 0, 0, 0, 0, 0, 0, 0, 0, 0, 1 ), NodePath("Bassin/Cuisse_Arriere"), PoolRealArray( 0, 0, 0, 0, 0, 0, 0, 0, 0, 0, 0, 0, 0, 0, 0, 0, 0, 0, 0, 0, 0, 0, 0, 0, 0 ), NodePath("Bassin/Cuisse_Arriere/Tibia_Arriere"), PoolRealArray( 0, 0, 0, 0, 0, 0, 0, 0, 0, 0, 0, 0, 0, 0, 0, 0, 0, 0, 0, 0, 0, 0, 0, 0, 0 ), NodePath("Bassin/Cuisse_Arriere/Tibia_Arriere/Pied_Arriere"), PoolRealArray( 0, 0, 0, 0, 0, 0, 0, 0, 0, 0, 0, 0, 0, 0, 0, 0, 0, 0, 0, 0, 0, 0, 0, 0, 0 ), NodePath("Bassin/Cuisse_Arriere/Tibia_Arriere/Pied_Arriere/Orteilles_Arriere"), PoolRealArray( 0, 0, 0, 0, 0, 0, 0, 0, 0, 0, 0, 0, 0, 0, 0, 0, 0, 0, 0, 0, 0, 0, 0, 0, 0 ), NodePath("Bassin/Pagne"), PoolRealArray( 0, 0, 0, 0, 0, 0, 0, 0, 0, 0, 0, 0, 0, 0, 0, 0, 0, 0, 0, 0, 0, 0, 0, 0, 0 ) ]
internal_vertex_count = 2

[node name="Torse" type="Polygon2D" parent="Node2D/Sprites"]
texture = ExtResource( 1 )
skeleton = NodePath("../../Skeleton2D")
polygon = PoolVector2Array( 298.63, 8.21918, 298.63, 145.205, 295.89, 198.63, 295.556, 242.222, 303.333, 271.111, 320, 340, 324.658, 553.425, 165.753, 571.233, -43.8356, 491.781, -15.5555, 397.778, -13.6986, 335.616, -15.0685, 257.534, -5.47943, 190.411, 8.21918, 113.699, 61.6439, -27.3973, 179.452, -41.0959, 153.333, 122.222, 144.444, 197.778, 152.222, 265.556, 161.111, 316.667, 182.222, 402.222 )
uv = PoolVector2Array( 298.63, 8.21918, 298.63, 145.205, 295.89, 198.63, 295.556, 242.222, 303.333, 271.111, 320, 340, 324.658, 553.425, 165.753, 571.233, -43.8356, 491.781, -15.5555, 397.778, -13.6986, 335.616, -15.0685, 257.534, -5.47943, 190.411, 8.21918, 113.699, 61.6439, -27.3973, 179.452, -41.0959, 153.333, 122.222, 144.444, 197.778, 152.222, 265.556, 161.111, 316.667, 182.222, 402.222 )
polygons = [ PoolIntArray( 13, 16, 1, 0, 15, 14 ), PoolIntArray( 12, 17, 16, 13 ), PoolIntArray( 17, 2, 1, 16 ), PoolIntArray( 12, 11, 18, 17 ), PoolIntArray( 18, 3, 2, 17 ), PoolIntArray( 11, 10, 19, 18 ), PoolIntArray( 18, 19, 4, 3 ), PoolIntArray( 10, 9, 20, 19 ), PoolIntArray( 20, 5, 4, 19 ), PoolIntArray( 9, 8, 7, 20 ), PoolIntArray( 20, 7, 6, 5 ) ]
bones = [ NodePath("Bassin"), PoolRealArray( 0, 0, 1, 1, 1, 1, 0, 0, 0, 1, 1, 1, 1, 0, 0, 0, 0, 1, 1, 1, 1 ), NodePath("Bassin/Torse"), PoolRealArray( 1, 1, 1, 1, 0, 0, 0, 0, 0, 0, 0, 1, 1, 1, 1, 1, 1, 1, 1, 0, 0 ), NodePath("Bassin/Torse/Cou"), PoolRealArray( 0, 0, 0, 0, 0, 0, 0, 0, 0, 0, 0, 0, 0, 0, 0, 0, 0, 0, 0, 0, 0 ), NodePath("Bassin/Torse/Cou/Barbe"), PoolRealArray( 0, 0, 0, 0, 0, 0, 0, 0, 0, 0, 0, 0, 0, 0, 0, 0, 0, 0, 0, 0, 0 ), NodePath("Bassin/Torse/Bras_Avant"), PoolRealArray( 0, 0, 0, 0, 0, 0, 0, 0, 0, 0, 0, 0, 0, 0, 0, 0, 0, 0, 0, 0, 0 ), NodePath("Bassin/Torse/Bras_Avant/AvantBras_Avant"), PoolRealArray( 0, 0, 0, 0, 0, 0, 0, 0, 0, 0, 0, 0, 0, 0, 0, 0, 0, 0, 0, 0, 0 ), NodePath("Bassin/Torse/Bras_Avant/AvantBras_Avant/Main_Avant"), PoolRealArray( 0, 0, 0, 0, 0, 0, 0, 0, 0, 0, 0, 0, 0, 0, 0, 0, 0, 0, 0, 0, 0 ), NodePath("Bassin/Torse/Bras_Arriere"), PoolRealArray( 0, 0, 0, 0, 0, 0, 0, 0, 0, 0, 0, 0, 0, 0, 0, 0, 0, 0, 0, 0, 0 ), NodePath("Bassin/Torse/Bras_Arriere/AvantBras_Arriere"), PoolRealArray( 0, 0, 0, 0, 0, 0, 0, 0, 0, 0, 0, 0, 0, 0, 0, 0, 0, 0, 0, 0, 0 ), NodePath("Bassin/Torse/Bras_Arriere/AvantBras_Arriere/Main_Arriere"), PoolRealArray( 0, 0, 0, 0, 0, 0, 0, 0, 0, 0, 0, 0, 0, 0, 0, 0, 0, 0, 0, 0, 0 ), NodePath("Bassin/Cuisse_Avant"), PoolRealArray( 0, 0, 0, 0, 0, 0, 0, 0, 0, 0, 0, 0, 0, 0, 0, 0, 0, 0, 0, 0, 0 ), NodePath("Bassin/Cuisse_Avant/Tibia_Avant"), PoolRealArray( 0, 0, 0, 0, 0, 0, 0, 0, 0, 0, 0, 0, 0, 0, 0, 0, 0, 0, 0, 0, 0 ), NodePath("Bassin/Cuisse_Avant/Tibia_Avant/Pied_Avant"), PoolRealArray( 0, 0, 0, 0, 0, 0, 0, 0, 0, 0, 0, 0, 0, 0, 0, 0, 0, 0, 0, 0, 0 ), NodePath("Bassin/Cuisse_Arriere"), PoolRealArray( 0, 0, 0, 0, 0, 0, 0, 0, 0, 0, 0, 0, 0, 0, 0, 0, 0, 0, 0, 0, 0 ), NodePath("Bassin/Cuisse_Arriere/Tibia_Arriere"), PoolRealArray( 0, 0, 0, 0, 0, 0, 0, 0, 0, 0, 0, 0, 0, 0, 0, 0, 0, 0, 0, 0, 0 ), NodePath("Bassin/Cuisse_Arriere/Tibia_Arriere/Pied_Arriere"), PoolRealArray( 0, 0, 0, 0, 0, 0, 0, 0, 0, 0, 0, 0, 0, 0, 0, 0, 0, 0, 0, 0, 0 ), NodePath("Bassin/Pagne"), PoolRealArray( 0, 0, 0, 0, 0, 0, 1, 1, 1, 0, 0, 0, 0, 0, 0, 0, 0, 0, 0, 0, 0 ) ]
internal_vertex_count = 5

[node name="Tete" type="Polygon2D" parent="Node2D/Sprites"]
material = SubResource( 6 )
position = Vector2( -1.26778, -260.255 )
texture = ExtResource( 3 )
skeleton = NodePath("../../Skeleton2D")
polygon = PoolVector2Array( 388.288, 234.234, 404.504, 311.712, 406.306, 372.072, 380.18, 421.622, 253.153, 420.721, 146.847, 376.577, 102.703, 312.613, 91.8919, 280.18, -0.900909, 262.162, -13.5135, 198.198, 26.1261, 166.667, -22.5225, 77.4775, 19.8198, 18.018, 227.928, -31.5315, 409.91, -14.4144, 435.135, 92.7928, 409.009, 227.928, 386.486, 209.91 )
uv = PoolVector2Array( 388.288, 234.234, 404.504, 311.712, 406.306, 372.072, 380.18, 421.622, 253.153, 420.721, 146.847, 376.577, 102.703, 312.613, 91.8919, 280.18, -0.900909, 262.162, -13.5135, 198.198, 26.1261, 166.667, -22.5225, 77.4775, 19.8198, 18.018, 227.928, -31.5315, 409.91, -14.4144, 435.135, 92.7928, 409.009, 227.928, 386.486, 209.91 )
polygons = [ PoolIntArray( 10, 15, 14, 13, 12, 11 ), PoolIntArray( 7, 17, 16, 15, 10 ), PoolIntArray( 7, 6, 5, 1, 0, 17 ), PoolIntArray( 8, 7, 10, 9 ), PoolIntArray( 1, 2, 3, 4, 5 ) ]
bones = [ NodePath("Bassin"), PoolRealArray( 0, 0, 0, 0, 0, 0, 0, 0, 0, 0, 0, 0, 0, 0, 0, 0, 0, 0 ), NodePath("Bassin/Torse"), PoolRealArray( 0, 0, 0, 0, 0, 0, 0, 0, 0, 0, 0, 0, 0, 0, 0, 0, 0, 0 ), NodePath("Bassin/Torse/Cou"), PoolRealArray( 0, 0, 0, 0, 0, 0, 0.46, 0.46, 1, 1, 1, 1, 1, 1, 1, 1, 1, 1 ), NodePath("Bassin/Torse/Cou/Barbe"), PoolRealArray( 0.32, 0.96, 0.96, 1, 1, 1, 0.64, 0, 0, 0, 0, 0, 0, 0, 0, 0, 0, 0 ), NodePath("Bassin/Torse/Bras_Avant"), PoolRealArray( 0, 0, 0, 0, 0, 0, 0, 0, 0, 0, 0, 0, 0, 0, 0, 0, 0, 0 ), NodePath("Bassin/Torse/Bras_Avant/AvantBras_Avant"), PoolRealArray( 0, 0, 0, 0, 0, 0, 0, 0, 0, 0, 0, 0, 0, 0, 0, 0, 0, 0 ), NodePath("Bassin/Torse/Bras_Avant/AvantBras_Avant/Main_Avant"), PoolRealArray( 0, 0, 0, 0, 0, 0, 0, 0, 0, 0, 0, 0, 0, 0, 0, 0, 0, 0 ), NodePath("Bassin/Torse/Bras_Arriere"), PoolRealArray( 0, 0, 0, 0, 0, 0, 0, 0, 0, 0, 0, 0, 0, 0, 0, 0, 0, 0 ), NodePath("Bassin/Torse/Bras_Arriere/AvantBras_Arriere"), PoolRealArray( 0, 0, 0, 0, 0, 0, 0, 0, 0, 0, 0, 0, 0, 0, 0, 0, 0, 0 ), NodePath("Bassin/Torse/Bras_Arriere/AvantBras_Arriere/Main_Arriere"), PoolRealArray( 0, 0, 0, 0, 0, 0, 0, 0, 0, 0, 0, 0, 0, 0, 0, 0, 0, 0 ), NodePath("Bassin/Cuisse_Avant"), PoolRealArray( 0, 0, 0, 0, 0, 0, 0, 0, 0, 0, 0, 0, 0, 0, 0, 0, 0, 0 ), NodePath("Bassin/Cuisse_Avant/Tibia_Avant"), PoolRealArray( 0, 0, 0, 0, 0, 0, 0, 0, 0, 0, 0, 0, 0, 0, 0, 0, 0, 0 ), NodePath("Bassin/Cuisse_Avant/Tibia_Avant/Pied_Avant"), PoolRealArray( 0, 0, 0, 0, 0, 0, 0, 0, 0, 0, 0, 0, 0, 0, 0, 0, 0, 0 ), NodePath("Bassin/Cuisse_Avant/Tibia_Avant/Pied_Avant/Orteilles_Avant"), PoolRealArray( 0, 0, 0, 0, 0, 0, 0, 0, 0, 0, 0, 0, 0, 0, 0, 0, 0, 0 ), NodePath("Bassin/Cuisse_Arriere"), PoolRealArray( 0, 0, 0, 0, 0, 0, 0, 0, 0, 0, 0, 0, 0, 0, 0, 0, 0, 0 ), NodePath("Bassin/Cuisse_Arriere/Tibia_Arriere"), PoolRealArray( 0, 0, 0, 0, 0, 0, 0, 0, 0, 0, 0, 0, 0, 0, 0, 0, 0, 0 ), NodePath("Bassin/Cuisse_Arriere/Tibia_Arriere/Pied_Arriere"), PoolRealArray( 0, 0, 0, 0, 0, 0, 0, 0, 0, 0, 0, 0, 0, 0, 0, 0, 0, 0 ), NodePath("Bassin/Cuisse_Arriere/Tibia_Arriere/Pied_Arriere/Orteilles_Arriere"), PoolRealArray( 0, 0, 0, 0, 0, 0, 0, 0, 0, 0, 0, 0, 0, 0, 0, 0, 0, 0 ), NodePath("Bassin/Pagne"), PoolRealArray( 0, 0, 0, 0, 0, 0, 0, 0, 0, 0, 0, 0, 0, 0, 0, 0, 0, 0 ) ]

[node name="Bras_Avant" type="Polygon2D" parent="Node2D/Sprites"]
position = Vector2( -57.3981, 13.3484 )
texture = ExtResource( 2 )
skeleton = NodePath("../../Skeleton2D")
polygon = PoolVector2Array( 166.667, 171.111, 157.778, 186.667, 176.667, 188.889, 174.444, 282.222, 175.556, 392.222, 180, 405.556, 210, 430, 192.222, 484.444, 172.222, 544.444, -5.55554, 516.667, 8.88892, 437.778, 23.3333, 414.444, 26.6667, 401.111, -24.4445, 287.778, -17.7778, 253.333, 23.3333, 232.222, 34.4445, 215.556, 28.8889, 157.778, -16.6667, 121.111, -13.3333, 74.4444, 23.3333, 13.3333, 124.444, -26.6667, 204.444, 77.7778, 167.778, 101.111, 151.111, 141.111, 152.222, 172.222 )
uv = PoolVector2Array( 166.667, 171.111, 157.778, 186.667, 176.667, 188.889, 174.444, 282.222, 175.556, 392.222, 180, 405.556, 210, 430, 192.222, 484.444, 172.222, 544.444, -5.55554, 516.667, 8.88892, 437.778, 23.3333, 414.444, 26.6667, 401.111, -24.4445, 287.778, -17.7778, 253.333, 23.3333, 232.222, 34.4445, 215.556, 28.8889, 157.778, -16.6667, 121.111, -13.3333, 74.4444, 23.3333, 13.3333, 124.444, -26.6667, 204.444, 77.7778, 167.778, 101.111, 151.111, 141.111, 152.222, 172.222 )
polygons = [ PoolIntArray( 16, 0, 1, 15 ), PoolIntArray( 25, 16, 0 ), PoolIntArray( 25, 24, 17, 16 ), PoolIntArray( 24, 23, 18, 17 ), PoolIntArray( 23, 22, 19, 18 ), PoolIntArray( 19, 20, 21, 22 ), PoolIntArray( 10, 6, 7, 8, 9 ), PoolIntArray( 10, 11, 5, 6 ), PoolIntArray( 12, 11, 5, 4 ), PoolIntArray( 4, 3, 13, 12 ), PoolIntArray( 3, 2, 14, 13 ), PoolIntArray( 2, 1, 15, 14 ) ]
bones = [ NodePath("Bassin"), PoolRealArray( 0, 0, 0, 0, 0, 0, 0, 0, 0, 0, 0, 0, 0, 0, 0, 0, 0, 0, 0, 0, 0, 0, 0, 0, 0, 0 ), NodePath("Bassin/Torse"), PoolRealArray( 0, 0, 0, 0, 0, 0, 0, 0, 0, 0, 0, 0, 0, 0, 0, 0, 0, 0, 0, 0, 0, 0, 0, 0, 0, 0 ), NodePath("Bassin/Torse/Cou"), PoolRealArray( 0, 0, 0, 0, 0, 0, 0, 0, 0, 0, 0, 0, 0, 0, 0, 0, 0, 0, 0, 0, 0, 0, 0, 0, 0, 0 ), NodePath("Bassin/Torse/Cou/Barbe"), PoolRealArray( 0, 0, 0, 0, 0, 0, 0, 0, 0, 0, 0, 0, 0, 0, 0, 0, 0, 0, 0, 0, 0, 0, 0, 0, 0, 0 ), NodePath("Bassin/Torse/Bras_Avant"), PoolRealArray( 1, 1, 0, 0, 0, 0, 0, 0, 0, 0, 0, 0, 0, 0, 0, 1, 1, 1, 1, 1, 1, 1, 1, 1, 1, 1 ), NodePath("Bassin/Torse/Bras_Avant/AvantBras_Avant"), PoolRealArray( 0.42, 0.71, 1, 1, 1, 1, 0, 0, 0, 0, 0, 1, 1, 1, 1, 0.71, 0, 0, 0, 0, 0, 0, 0, 0, 0, 0 ), NodePath("Bassin/Torse/Bras_Avant/AvantBras_Avant/Main_Avant"), PoolRealArray( 0, 0, 0, 0, 0, 0, 1, 1, 1, 1, 1, 0, 0, 0, 0, 0, 0, 0, 0, 0, 0, 0, 0, 0, 0, 0 ), NodePath("Bassin/Torse/Bras_Arriere"), PoolRealArray( 0, 0, 0, 0, 0, 0, 0, 0, 0, 0, 0, 0, 0, 0, 0, 0, 0, 0, 0, 0, 0, 0, 0, 0, 0, 0 ), NodePath("Bassin/Torse/Bras_Arriere/AvantBras_Arriere"), PoolRealArray( 0, 0, 0, 0, 0, 0, 0, 0, 0, 0, 0, 0, 0, 0, 0, 0, 0, 0, 0, 0, 0, 0, 0, 0, 0, 0 ), NodePath("Bassin/Torse/Bras_Arriere/AvantBras_Arriere/Main_Arriere"), PoolRealArray( 0, 0, 0, 0, 0, 0, 0, 0, 0, 0, 0, 0, 0, 0, 0, 0, 0, 0, 0, 0, 0, 0, 0, 0, 0, 0 ), NodePath("Bassin/Cuisse_Avant"), PoolRealArray( 0, 0, 0, 0, 0, 0, 0, 0, 0, 0, 0, 0, 0, 0, 0, 0, 0, 0, 0, 0, 0, 0, 0, 0, 0, 0 ), NodePath("Bassin/Cuisse_Avant/Tibia_Avant"), PoolRealArray( 0, 0, 0, 0, 0, 0, 0, 0, 0, 0, 0, 0, 0, 0, 0, 0, 0, 0, 0, 0, 0, 0, 0, 0, 0, 0 ), NodePath("Bassin/Cuisse_Avant/Tibia_Avant/Pied_Avant"), PoolRealArray( 0, 0, 0, 0, 0, 0, 0, 0, 0, 0, 0, 0, 0, 0, 0, 0, 0, 0, 0, 0, 0, 0, 0, 0, 0, 0 ), NodePath("Bassin/Cuisse_Arriere"), PoolRealArray( 0, 0, 0, 0, 0, 0, 0, 0, 0, 0, 0, 0, 0, 0, 0, 0, 0, 0, 0, 0, 0, 0, 0, 0, 0, 0 ), NodePath("Bassin/Cuisse_Arriere/Tibia_Arriere"), PoolRealArray( 0, 0, 0, 0, 0, 0, 0, 0, 0, 0, 0, 0, 0, 0, 0, 0, 0, 0, 0, 0, 0, 0, 0, 0, 0, 0 ), NodePath("Bassin/Cuisse_Arriere/Tibia_Arriere/Pied_Arriere"), PoolRealArray( 0, 0, 0, 0, 0, 0, 0, 0, 0, 0, 0, 0, 0, 0, 0, 0, 0, 0, 0, 0, 0, 0, 0, 0, 0, 0 ), NodePath("Bassin/Pagne"), PoolRealArray( 0, 0, 0, 0, 0, 0, 0, 0, 0, 0, 0, 0, 0, 0, 0, 0, 0, 0, 0, 0, 0, 0, 0, 0, 0, 0 ) ]

[node name="Skeleton2D" type="Skeleton2D" parent="Node2D"]
position = Vector2( -171, 0 )
rotation = -0.047694

[node name="Bassin" type="Bone2D" parent="Node2D/Skeleton2D"]
position = Vector2( 206.501, 270.164 )
rotation = 0.0652383
rest = Transform2D( 1, 0, 0, 1, 183.614, 370.332 )

[node name="Torse" type="Bone2D" parent="Node2D/Skeleton2D/Bassin"]
position = Vector2( -17.9797, -133.349 )
rotation = 0.821648
rest = Transform2D( 1, 0, 0, 1, -17.9797, -133.349 )

[node name="Cou" type="Bone2D" parent="Node2D/Skeleton2D/Bassin/Torse"]
position = Vector2( 22.0391, -219.862 )
rest = Transform2D( 1, 0, 0, 1, 22.0391, -219.862 )

[node name="Barbe" type="Bone2D" parent="Node2D/Skeleton2D/Bassin/Torse/Cou"]
position = Vector2( 55.6886, -1.88776 )
rotation = 1.01
rest = Transform2D( 0.5, 0.866025, -0.866025, 0.5, 55.6886, -1.88776 )
default_length = 138.0

[node name="Bras_Avant" type="Bone2D" parent="Node2D/Skeleton2D/Bassin/Torse"]
position = Vector2( -146.316, -129.498 )
rotation = -0.00205833
rest = Transform2D( 1, 0, 0, 1, -146.316, -129.498 )
__meta__ = {
"_edit_bone_": true,
"_edit_ik_": true
}

[node name="AvantBras_Avant" type="Bone2D" parent="Node2D/Skeleton2D/Bassin/Torse/Bras_Avant"]
position = Vector2( 1.68176, 147.998 )
rest = Transform2D( 1, 0, 0, 1, 1.68176, 147.998 )
__meta__ = {
"_edit_bone_": true
}

[node name="Main_Avant" type="Bone2D" parent="Node2D/Skeleton2D/Bassin/Torse/Bras_Avant/AvantBras_Avant"]
position = Vector2( 25.2269, 169.861 )
rotation = 1.64609
scale = Vector2( 1.00136, 1.12517 )
rest = Transform2D( -0.0784591, 0.996917, -0.996917, -0.0784591, 25.2269, 169.861 )
default_length = 106.0
__meta__ = {
"_edit_bone_": true
}

[node name="Bras_Arriere" type="Bone2D" parent="Node2D/Skeleton2D/Bassin/Torse"]
position = Vector2( 141.19, -216.951 )
rotation = -0.783767
rest = Transform2D( 1, 0, 0, 1, 124.453, -147.998 )
__meta__ = {
"_edit_bone_": true,
"_edit_ik_": true
}

[node name="AvantBras_Arriere" type="Bone2D" parent="Node2D/Skeleton2D/Bassin/Torse/Bras_Arriere"]
position = Vector2( -15.1361, 153.043 )
rest = Transform2D( 1, 0, 0, 1, -15.1361, 153.043 )
__meta__ = {
"_edit_bone_": true
}

[node name="Main_Arriere" type="Bone2D" parent="Node2D/Skeleton2D/Bassin/Torse/Bras_Arriere/AvantBras_Arriere"]
position = Vector2( 5.04541, 158.089 )
rotation = 1.22744
scale = Vector2( 0.782269, 0.814979 )
rest = Transform2D( 0.173648, 0.984808, -0.984808, 0.173648, 5.04541, 158.089 )
default_length = 112.0
__meta__ = {
"_edit_bone_": true
}

[node name="Cuisse_Avant" type="Bone2D" parent="Node2D/Skeleton2D/Bassin"]
position = Vector2( -79.3712, 21.1947 )
rotation = 0.248048
rest = Transform2D( 1, 0, 0, 1, -79.3712, 21.1947 )
__meta__ = {
"_edit_bone_": true,
"_edit_ik_": true
}

[node name="Tibia_Avant" type="Bone2D" parent="Node2D/Skeleton2D/Bassin/Cuisse_Avant"]
position = Vector2( 50.7968, 244.46 )
rest = Transform2D( 1, 0, 0, 1, 50.7968, 244.46 )
__meta__ = {
"_edit_bone_": true
}

[node name="Pied_Avant" type="Bone2D" parent="Node2D/Skeleton2D/Bassin/Cuisse_Avant/Tibia_Avant"]
position = Vector2( -1.5874, 215.887 )
rest = Transform2D( 1, 0, 0, 1, -1.5874, 215.887 )
default_length = 132.0
__meta__ = {
"_edit_bone_": true
}

[node name="Orteilles_Avant" type="Bone2D" parent="Node2D/Skeleton2D/Bassin/Cuisse_Avant/Tibia_Avant/Pied_Avant"]
position = Vector2( 89.0956, 53.7402 )
rest = Transform2D( 1, 0, 0, 1, 89.0956, 53.7402 )
default_length = 57.0
__meta__ = {
"_edit_bone_": true
}

[node name="Cuisse_Arriere" type="Bone2D" parent="Node2D/Skeleton2D/Bassin"]
position = Vector2( 53.9716, 6.34961 )
rotation = -0.0631829
rest = Transform2D( 1, 0, 0, 1, 53.9716, 6.34961 )
__meta__ = {
"_edit_bone_": true,
"_edit_ik_": true
}

[node name="Tibia_Arriere" type="Bone2D" parent="Node2D/Skeleton2D/Bassin/Cuisse_Arriere"]
position = Vector2( 41.2725, 244.46 )
rotation = 0.482779
rest = Transform2D( 1, 0, 0, 1, 41.2725, 244.46 )
__meta__ = {
"_edit_bone_": true
}

[node name="Pied_Arriere" type="Bone2D" parent="Node2D/Skeleton2D/Bassin/Cuisse_Arriere/Tibia_Arriere"]
position = Vector2( 0, 214.299 )
rotation = -0.32265
rest = Transform2D( 1, 0, 0, 1, 0, 214.299 )
default_length = 128.0
__meta__ = {
"_edit_bone_": true
}

[node name="Orteilles_Arriere" type="Bone2D" parent="Node2D/Skeleton2D/Bassin/Cuisse_Arriere/Tibia_Arriere/Pied_Arriere"]
position = Vector2( 98.9949, 62.2254 )
rotation = 0.177802
rest = Transform2D( 1, 0, 0, 1, 98.9949, 62.2254 )
default_length = 46.0
__meta__ = {
"_edit_bone_": true
}

[node name="Pagne" type="Bone2D" parent="Node2D/Skeleton2D/Bassin"]
position = Vector2( -200.341, 315.375 )
rotation = -3.64305
scale = Vector2( 0.0950258, -1.86322 )
rest = Transform2D( 0.0471064, 0.99889, -0.99889, 0.0471064, 0, 0 )
default_length = 140.0
